2055 3130
243 68 351 119 222
743 66 1118 119 QVINTILIANI
1146 66 1299 110 INST.
1332 66 1424 110 ΟΒ.

244 222 339 268 quo
379 206 530 253 fuerit
568 207 765 268 gravius
806 221 862 252 ac
901 207 1138 264 sanctius,
1191 205 1282 252 hoc
1327 206 1437 266 plus
1487 206 1668 252 habeat
1719 220 1914 254 necesse

126 280 222 324 126
248 282 321 327 est
358 280 408 326 in
448 279 748 326 adfirmando
786 278 1028 339 ponderis.
1069 279 1342 340 effugienda
1379 279 1535 340 igitur
1571 280 1625 325 in
1654 279 1746 326 hac
1776 295 1914 340 prae-

246 355 387 413 cipue
425 356 565 414 parte
605 352 763 399 omnis
803 351 1089 399 calliditatis
1129 352 1355 412 suspicio,
1395 368 1552 412 neque
1585 353 1714 398 enim
1753 368 1804 399 se
1834 367 1913 398 us-

245 442 393 488 quam
433 425 647 473 custodit
684 425 842 487 magis
888 424 1054 471 iudex:
1109 425 1234 470 1111111
1280 425 1507 472 videatur
1551 425 1736 484 fictum,
1789 425 1915 471 nihil

246 499 534 546 sollicitum:
584 500 746 545 omnia
785 500 950 559 potius
992 513 1019 544 a
1067 513 1212 545 causa
1261 514 1409 559 quam
1457 499 1516 544 ab
1566 500 1757 545 oratore
1802 514 1914 559 pro·
1960 514 1982 546 5

126 573 218 616 127
248 574 374 619 fecta
415 571 687 619 credantur.
728 574 780 617 at
817 572 909 618 1100
946 573 1055 632 pati
1092 586 1189 618 non
1220 586 1477 632 possumus
1503 573 1552 617 et
1576 573 1735 632 perire
1760 575 1916 618 artem

245 648 491 707 putamus,
531 646 626 692 nisi
667 647 917 705 appareat,
958 660 1066 690 cum
1107 644 1299 692 desinat
1338 660 1417 691 ars
1458 659 1574 704 esse,
1614 645 1655 691 si
1695 646 1915 705 apparet.

243 718 511 780 pendemus
566 734 623 765 ex
671 718 815 764 laude
868 721 1015 778 atque
1070 718 1196 764 hanc
1248 717 1430 764 laboris
1484 718 1641 765 nostri
1694 717 1915 765 ducimus

245 807 510 838 summam:
549 792 619 837 ita
660 807 784 851 quae
825 791 1252 838 circumstantibus
1286 794 1532 838 ostentare
1563 791 1803 849 volumus,
1841 792 1915 836 iu-

247 865 434 912 dicibus
472 864 738 925 prodimus.
1939 881 1985 911 10

127 938 221 982 128
357 939 447 985 Est
486 938 727 998 quaedam
760 939 908 985 etiam
939 939 1151 998 repetita
1182 939 1416 998 narratio,
1458 953 1581 998 quae
1613 935 1916 1001 ἐπιδιήγησις

246 1011 439 1071 dicitur,
491 1027 604 1058 33116
644 1026 719 1058 163
761 1011 1109 1058 declamatoria
1149 1010 1306 1073 magis
1346 1027 1494 1071 quam
1532 1011 1760 1070 forensis,
1805 1010 1917 1057 ideo

247 1088 414 1131 autem
451 1088 661 1146 reperta,
700 1087 769 1144 ut,
810 1085 926 1145 quia
967 1084 1185 1131 narratio
1225 1084 1386 1131 brevis
1428 1099 1529 1131 esse
1563 1084 1719 1144 debet,
1757 1084 1916 1130 fusius

248 1160 297 1205 et
336 1159 554 1205 ornatius
594 1174 670 1205 res
709 1161 875 1219 posset
915 1159 1104 1218 exponi,
1145 1157 1275 1218 quod
1313 1157 1368 1204 fit
1398 1158 1478 1204 vel
1509 1157 1723 1204 invidiae
1755 1157 1917 1220 gratia

245 1232 327 1279 vel
373 1232 715 1278 miserationis.
763 1231 814 1277 id
861 1234 908 1277 et
954 1246 1065 1277 raro
1113 1230 1388 1277 faciendum
1435 1231 1597 1278 iudico
1644 1246 1801 1291 neque
1849 1230 1917 1278 sic
1941 1247 1985 1279 15

245 1321 496 1366 umquam,
535 1309 591 1351 ut
629 1307 762 1351 totus
803 1305 919 1351 ordo
959 1306 1236 1364 repetatur,
1282 1304 1398 1350 licet
1444 1303 1573 1350 6111111
1619 1320 1706 1365 per
1750 1306 1917 1364 partes

245 1379 377 1425 idem
402 1380 647 1439 consequi.
674 1382 889 1425 ceterum
913 1379 998 1439 qui
1021 1379 1097 1424 uti
1120 1375 1426 1440 ἐπιόιηγήσει
1449 1378 1596 1437 volet,
1620 1378 1917 1424 narrationis

246 1453 353 1498 1000
406 1468 508 1498 16111
563 1452 775 1514 stringat
831 1454 878 1498 et
926 1454 1181 1498 contentus
1228 1451 1445 1497 indicare
1494 1451 1612 1511 quid
1664 1451 1786 1497 facti
1839 1451 1919 1510 sit,

248 1541 343 1586 quo
384 1527 449 1572 sit
486 1525 630 1572 modo
672 1527 858 1571 factum
897 1525 1089 1585 plenius
1130 1540 1178 1572 se
1210 1525 1316 1571 1000
1342 1539 1428 1572 3110
1454 1524 1790 1585 expositurum
1815 1539 1917 1571 esse

246 1600 519 1659 promittat.
1942 1615 1986 1647 20

128 1672 223 1716 1⁸39
359 1672 563 1719 Initium
603 1672 898 1718 narrationis
949 1672 1148 1732 quidam
1194 1673 1364 1732 utique
1417 1671 1697 1718 faciendum
1745 1687 1774 1718 a
1811 1687 1918 1731 per-

248 1761 367 1792 sona
405 1749 599 1806 put-ant,
633 1761 854 1806 eamque,
902 1747 944 1791 31
982 1748 1149 1792 nostra
1190 1747 1275 1804 sit,
1324 1744 1607 1805 ornandam,
1655 1746 1696 1791 si
1743 1745 1919 1804 aliena,

245 1819 583 1866 infamandam
623 1820 804 1866 statim.
856 1819 946 1865 1100
998 1834 1112 1865 33116
1160 1819 1611 1880 frequentissimum
1659 1820 1753 1877 est,
1802 1818 1920 1878 quia

127 1893 224 1937 130
248 1909 482 1954 personae
515 1896 644 1952 sunt,
685 1893 812 1939 inter
843 1907 964 1953 quas
996 1893 1238 1955 litigatur.
1281 1892 1363 1938 sed
1389 1893 1478 1939 1136
1504 1907 1696 1952 quoquc
1720 1891 1918 1938 interim

245 1982 357 2013 cum
397 1968 496 2013 suis
538 1966 869 2013 accidentibus
910 1966 1176 2026 ponendae,
1224 1981 1335 2012 cum
1364 1965 1425 2012 id
1469 1965 1784 2026 profuturum
1830 1966 1919 2023 est,
1942 1981 1986 2013 25

245 2043 322 2086 ut:
380 2036 454 2085 Ἃ.
514 2038 767 2086 Cluentius
822 2039 1034 2086 Habitus
1090 2039 1185 2085 fuit
1238 2042 1379 2100 pater
1431 2039 1647 2095 huiusce,
1719 2038 1918 2097 iudices,

245 2113 390 2160 homo
441 2129 538 2160 non
586 2113 741 2159 solum
789 2112 1047 2172 municipii
1093 2112 1358 2171 Larinatis,
1413 2129 1469 2159 ex
1517 2127 1613 2173 quo
1661 2114 1780 2170 erat,
1835 2111 1920 2158 sed

245 2186 460 2248 regionis
500 2186 635 2233 illius
676 2189 725 2232 et
762 2186 1033 2233 vicinitatis
1073 2187 1269 2245 virtute,
1323 2187 1696 2244 existimatione,
1743 2184 1919 2231 nobili-

128 2260 221 2303 131
248 2263 351 2307 tate
402 2256 671 2320 princeps⁷z
726 2260 924 2306 interim
985 2261 1087 2306 sine
1142 2260 1216 2306 his
1271 2263 1326 2306 ut
1383 2255 1455 2314 ‘Q.
1512 2259 1641 2305 enim
1690 2258 1919 2320 Ligarius

248 2349 356 2380 cum
414 2329 580 2380 esset’:
635 2333 915 2393 frequenter
968 2349 1082 2380 vero
1139 2337 1187 2379 et
1234 2349 1262 2379 a
1308 2349 1381 2395 re,
1436 2334 1563 2380 sicut
1614 2348 1703 2393 pro
1752 2331 1917 2378 Tullio
1942 2348 1991 2382 3ο,

364 2478 419 2516 26
453 2488 496 2528 p.
531 2472 706 2515 Cluent.
742 2477 782 2527 5,
817 2478 868 2515 11
905 2498 958 2504 -
992 2477 1045 2515 29
1077 2487 1121 2527 p.
1155 2472 1253 2528 Lig.
1289 2477 1327 2526 1,
1355 2477 1377 2514 2
1412 2499 1467 2504 —
1502 2476 1556 2514 30
1588 2487 1632 2527 p.
1658 2471 1777 2515 Tull.
1796 2476 1836 2524 6,
1864 2475 1918 2513 14

367 2625 390 2662 ‘2
426 2633 607 2673 quoque
639 2619 854 2674 ponderis
888 2626 975 2660 BP
1091 2623 1117 2660 4
1149 2619 1298 2668 magis
1330 2633 1399 2662 om
1431 2627 1476 2660 B
1595 2623 1619 2660 6
1660 2620 1709 2661 at
1739 2625 1796 2660 A:
1838 2618 1919 2660 sed

247 2686 336 2720 BP
455 2683 475 2720 7
511 2680 735 2733 appareat
759 2678 878 2720 Bn1:
930 2680 1124 2733 apparet
1147 2686 1301 2728 APBq
1325 2677 1483 2720 B112N
1595 2682 1646 2719 11
1681 2676 1824 2720 etiam
1849 2690 1919 2719 om

247 2745 335 2778 BP
454 2743 507 2779 14
538 2738 686 2793 possit
717 2745 754 2778 A
891 2742 942 2778 15
977 2739 1023 2779 et
1055 2738 1215 2779 Halm:
1255 2738 1324 2779 est
1361 2744 1450 2778 BP
1486 2735 1609 2778 enim
1639 2744 1676 2777 A
1715 2738 1720 2791 1
1762 2735 1920 2778 11111100

248 2810 316 2838 om
347 2803 436 2837 BP
577 2800 629 2838 18
662 2795 784 2849 quod
816 2794 993 2837 factum
1024 2803 1061 2836 A
1092 2795 1205 2849 quid
1236 2795 1413 2838 factum
1444 2801 1493 2837 Ν
1631 2799 1685 2837 26
1717 2794 1919 2836 Habitus

247 2868 314 2897 om
349 2862 385 2895 A
506 2859 559 2896 29
585 2857 638 2897 ut
671 2853 720 2905 Q.
755 2854 877 2897 enim
911 2867 976 2897 om
1010 2862 1064 2906 B,
1101 2853 1149 2905 Q.
1183 2854 1306 2897 enim
1337 2867 1406 2897 om
1438 2862 1482 2896 P
