2055 3130
73 500 92 531 5

49 869 92 900 10

52 1238 93 1270 15

55 1609 96 1640 20

59 2350 102 2381 30

766 46 819 90 V.
855 52 925 101 11,
958 51 1144 90 34-44.
1689 47 1793 98 281

113 190 198 235 tiis
241 187 439 249 quidem
478 190 737 248 poetarum
776 202 874 233 non
925 186 1170 233 orationes
1220 186 1364 233 modo
1412 189 1527 233 sunt
1574 186 1798 245 refertae,

115 262 199 310 sed
244 261 360 308 libri
411 261 561 308 etiam
609 260 1029 322 philosophorum,
1082 259 1167 320 qui
1218 275 1519 320 quamquam
1564 260 1800 305 inferiora

116 336 281 382 omnia
320 335 594 396 praeceptis
635 336 734 380 suis
775 350 829 380 ac
869 333 1049 380 litteris
1090 333 1315 393 credunt,
1366 335 1586 394 repetere
1633 335 1800 379 tamen

118 411 466 456 auctoritatem
507 424 535 454 a
574 409 801 469 plurimis
841 406 1062 454 versibus
1102 423 1201 453 non
1246 406 1577 453 fastidierunt.
1641 422 1798 466 neque
1824 405 1894 450 40

118 486 191 530 est
229 482 446 544 ignobile
488 482 778 542 exemplum,
832 481 1076 543 Megarios
1125 480 1185 527 ab
1237 480 1636 539 Atheniensibus,
1692 495 1802 526 cum

117 557 175 603 de
210 555 459 603 Salamine
493 555 855 614 contenderent,
894 556 1051 602 victos
1083 554 1288 602 Homeri
1318 570 1478 614 versu,
1519 556 1605 615 qui
1634 557 1802 601 tamen

115 632 221 691 ipse
261 645 360 677 non
398 631 450 676 in
491 630 624 676 omni
673 628 887 675 editione
936 630 1195 689 reperitur,
1244 628 1549 691 significans,
1597 627 1802 674 Aiacem

117 718 266 750 naves
307 718 418 750 suas
457 702 841 750 Atheniensibus
881 702 1108 750 iunxisse.
1150 718 1208 749 ea
1247 718 1458 764 quoque,
1500 718 1625 763 quae
1651 702 1800 764 vulgo
1829 700 1893 745 41

116 780 316 838 recepta
355 780 483 836 sunt,
529 777 621 823 hoc
667 778 790 837 ipso,
840 776 972 836 quod
1017 778 1262 824 incertum
1310 779 1560 823 auctorem
1605 775 1802 836 habent,

117 851 254 899 velut
294 852 516 898 omnium
553 849 692 909 fiunt,
734 850 877 911 quale
920 852 1014 897 est:
1057 845 1162 897 ‘ubi
1202 848 1382 897 amici‘.>
1422 850 1509 896 ubi
1549 846 1700 911 opes’,
1755 852 1805 895 et

121 921 439 972 ‘conscientia
470 924 606 971 mille
638 920 824 984 testes',
852 926 900 970 et
933 924 1066 984 apud
1100 923 1407 972 Ciceronem:
1436 920 1596 985 ‘pares
1623 926 1803 983 autem,

118 1002 174 1046 ut
215 1001 287 1046 est
325 1000 378 1045 in
416 1000 581 1044 vetere
620 998 894 1058 proverbio,
945 1014 1053 1046 cum
1093 998 1296 1059 paribus
1344 998 1555 1045 maxime
1604 1013 1803 1060 congre-

119 1068 347 1135 gantur’,
403 1088 561 1132 neque
618 1073 747 1119 enim
802 1072 1063 1119 durassent
1100 1072 1221 1119 haec
1275 1073 1327 1118 in
1384 1074 1652 1132 aeternum,
1707 1073 1805 1118 nisi

117 1162 236 1194 vera
276 1146 502 1193 omnibus
542 1145 840 1193 viderentur.
880 1147 1083 1207 ponitur
1123 1162 1149 1192 3
1192 1146 1487 1207 quibusdam
1527 1149 1575 1193 et
1608 1145 1805 1207 quidem
1830 1144 1899 1188 42

119 1221 172 1267 in
210 1223 351 1282 parte
390 1221 553 1281 prima
594 1219 794 1267 deorum
838 1222 1123 1279 auctoritas,
1165 1236 1289 1281 quae
1332 1224 1405 1267 est
1445 1236 1502 1267 ex
1540 1221 1804 1281 responsis,

118 1298 174 1341 ut
216 1291 470 1341 ‘Socraten
511 1309 612 1341 esse
654 1290 1104 1355 sapientissimum'.
1144 1295 1196 1341 id
1235 1311 1402 1341 rarum
1436 1297 1530 1354 est,
1570 1310 1668 1341 non
1702 1295 1805 1341 sine

118 1384 211 1415 usu
263 1371 445 1415 tamen.
499 1369 659 1415 utitur
710 1384 763 1415 eo
808 1367 974 1415 Cicero
1022 1369 1074 1414 in
1113 1368 1239 1416 libro
1297 1369 1354 1416 de
1402 1370 1684 1429 aruspicum
1732 1384 1806 1414 re-

120 1442 311 1504 sponsis
352 1444 401 1489 et
439 1443 491 1488 in
525 1444 752 1489 contione
785 1445 954 1489 contra
981 1441 1262 1502 Catilinam,
1304 1459 1414 1490 cum
1447 1445 1644 1506 signum
1673 1441 1807 1489 Iovis

122 1516 377 1563 columnae
417 1516 708 1577 impositum
746 1517 930 1577 populo
965 1517 1194 1576 ostendit,
1235 1519 1284 1564 et
1315 1533 1404 1579 pro
1437 1517 1655 1580 Ligario,
1697 1531 1807 1563 cum

122 1606 322 1637 causam
363 1589 412 1637 C.
457 1589 677 1637 Caesaris
724 1591 999 1651 meliorem,
1056 1593 1172 1651 quia
1222 1591 1314 1638 hoc
1366 1591 1416 1638 di
1465 1590 1806 1650 iudicaverint,

122 1665 392 1712 confitetur.
435 1680 559 1725 quae
600 1680 713 1711 cum
753 1667 955 1726 propria
996 1681 1170 1712 causae
1211 1669 1339 1726 sunt,
1380 1666 1549 1712 divina
1587 1665 1807 1712 testimo-

120 1740 205 1786 nia
243 1740 498 1798 vocantur,
547 1753 657 1785 cum
705 1739 900 1785 aliunde
951 1742 1276 1800 arcessuntur,
1325 1741 1632 1802 argumenta.
1687 1755 1807 1786 non·
1833 1737 1902 1782 43

121 1828 393 1874 numquam
434 1814 678 1874 contingit
716 1813 894 1861 iudicis
928 1829 1124 1874 quoque
1160 1816 1247 1860 aut
1280 1814 1552 1861 adversarii
1577 1815 1663 1860 aut
1689 1815 1808 1872 eius,

123 1887 208 1949 qui
249 1903 306 1933 ex
346 1887 539 1934 diverso
582 1887 702 1949 agit,
744 1887 931 1934 dictum
971 1887 1174 1948 aliquod
1213 1890 1299 1934 aut
1332 1889 1519 1935 factum
1554 1887 1808 1935 adsumere

80 1979 94 1987 ⁷
125 1961 187 2008 ad
227 1977 408 2021 eorum,
462 1976 586 2022 quae
626 1961 940 2021 intendimus,
991 1961 1150 2009 fidem.
1197 1964 1400 2024 propter
1441 1962 1570 2022 quod
1610 1962 1811 2008 fuerunt

124 2036 214 2096 qui
253 2035 477 2096 exempla
525 2038 574 2081 et-
611 2035 700 2082 has
751 2038 1072 2084 auctoritates
1120 2036 1512 2083 inartificialium
1559 2035 1808 2097 probatio-

124 2125 241 2155 num
282 2125 383 2157 esse
424 2108 797 2169 arbitrarentur,
839 2110 970 2171 quod
1010 2126 1066 2157 ea
1105 2126 1205 2157 non
1243 2112 1487 2158 inveniret
1512 2112 1693 2169 orator,
1726 2109 1811 2157 sed

127 2183 382 2244 acciperet.
421 2184 689 2244 plurimum
733 2187 898 2231 autem
936 2185 1106 2242 refert,
1155 2201 1270 2231 nam
1316 2186 1458 2231 testis
1499 2186 1548 2231 et
1587 2184 1809 2245 quaestio
1835 2181 1903 2227 44

127 2261 175 2305 et
212 2257 288 2304 his
329 2257 514 2304 similia
539 2258 596 2304 de
637 2260 844 2320 ipsare,
885 2274 1009 2320 quae
1042 2260 1095 2305 in
1125 2259 1307 2306 iudicio
1342 2262 1430 2318 est,
1461 2259 1808 2320 pronuntiant:

127 2333 264 2378 extra
296 2333 466 2393 petita,
498 2333 594 2380 nisi
627 2333 687 2380 ad
722 2333 942 2393 aliquam
971 2335 1246 2393 praesentis
1279 2332 1650 2394 disceptationis
1675 2332 1811 2379 utili-

125 2407 283 2453 tatem
320 2405 518 2468 ingenio
561 2407 887 2468 adplicantur,
927 2407 1053 2453 nihil
1091 2423 1180 2467 per
1219 2423 1269 2454 se
1309 2408 1490 2454 valent.

249 2551 272 2589 7
304 2547 355 2589 Π.
383 2552 422 2600 2,
450 2551 534 2591 558
568 2574 622 2579 —
658 2553 708 2590 11
747 2546 1039 2601 Catom.3‚7
1074 2574 1129 2578 —
1166 2551 1219 2591 18
1246 2551 1285 2601 3,
1312 2552 1351 2601 9,
1380 2553 1432 2590 21
1467 2574 1521 2579 —
1558 2551 1812 2602 19c6,19

248 2687 272 2723 5
306 2681 541 2737 Megarius
573 2681 721 2723 ΑΒῬ1
903 2685 956 2723 10
989 2681 1071 2724 ubi
1104 2681 1262 2738 amici]
1307 2680 1375 2722 ibi
1409 2681 1548 2723 amici
1585 2681 1647 2722 Pl
1687 2683 1691 2730 Ι
1730 2680 1813 2722 ubi

130 2755 239 2797 opes
271 2741 393 2783 AP1:
427 2740 497 2782 ibi
529 2754 639 2796 opes
670 2739 778 2782 BP2
961 2745 1014 2783 16
1055 2740 1106 2782 id
1145 2754 1301 2783 earum
1343 2743 1413 2783 est
1455 2754 1547 2782 non
1588 2740 1687 2783 sine
1725 2754 1814 2782 usu

129 2803 288 2843 tamen
319 2808 356 2840 A
388 2800 438 2842 id
469 2813 623 2842 rarum
658 2802 728 2842 est
759 2802 916 2842 tamen
949 2808 994 2842 P
1021 2801 1180 2842 tamen
1210 2801 1308 2843 sine
1339 2801 1421 2843 rell
1454 2807 1497 2842 B
1616 2803 1670 2841 ’20
1705 2812 1813 2841 cau-

132 2874 229 2902 sam
262 2873 332 2903 om
356 2866 440 2901 AB
559 2864 614 2901 24
647 2858 826 2914 aliquid
850 2867 888 2900 A
1010 2863 1063 2901 27
1097 2858 1326 2902 invenerit
1350 2867 1388 2900 ,1
1510 2862 1564 2900 29
1600 2858 1675 2915 de]
1703 2871 1758 2900 ex
1774 2865 1811 2898 Α
