2055 3130
262 68 370 120 252
761 68 1135 121 QVINTILIANI
1165 69 1314 113 INST.
1349 69 1440 113 OR.

262 208 365 254 iam
405 207 643 267 separavi.
685 223 816 270 ergo,
864 223 974 254 cum
1013 209 1078 254 sit
1124 210 1465 268 argumentum
1511 210 1640 256 ratio
1686 209 1934 269 probatio-

262 296 375 327 nem
413 282 684 340 praestans,
725 296 822 341 qua
861 281 1113 342 colligitur
1152 281 1338 340 aliquid
1377 297 1465 342 per
1512 282 1668 342 aliud,
1717 285 1765 329 et
1812 297 1936 342 quae

265 353 397 413 quod
437 355 509 400 est
549 353 751 399 dubium
789 370 876 414 per
906 353 970 414 id,
1012 354 1142 413 quod
1174 354 1376 400 dubium
1407 370 1503 400 non
1538 358 1626 414 est,
1666 354 1936 415 confirmat,

264 441 459 473 necesse
498 428 572 472 est
612 441 712 474 esse
761 427 951 487 aliquid
996 428 1049 473 in
1096 442 1256 488 eausa,
1311 427 1440 488 quod
1495 427 1786 488 probatione
1838 444 1936 474 non

176 502 237 545 12
265 501 419 562 egeat.
461 500 649 559 alioqui
687 499 812 546 nihil
851 501 945 546 erit
984 516 1080 560 quo
1126 499 1409 562 probemus,
1457 501 1552 548 nisi
1602 502 1754 548 fuerit
1808 501 1938 561 quod

265 575 352 618 aut
391 574 457 619 sit
494 588 665 619 verum
704 575 793 619 aut
830 573 1069 632 videatur,
1111 589 1167 619 ex
1208 589 1301 634 quo
1342 573 1502 621 dubiis
1541 574 1658 621 fides
1697 574 1797 621 fiat.
1849 590 1937 635 pro

264 647 409 692 certis
450 648 613 692 autem
652 646 886 693 habemus
926 648 1140 707 primum
1179 662 1303 707 quae
1335 647 1554 695 sensibus
1586 647 1939 708 percipiuntur,

262 722 319 765 ut
337 735 460 779 quae
478 719 715 778 videmus,
741 719 978 780 audimus,
997 720 1164 780 qualia
1189 723 1303 767 sunt
1328 722 1482 783 signa,
1509 720 1682 768 deinde
1711 737 1781 780 ea,
1805 717 1938 783 (ad)

264 807 389 853 quae
430 794 676 839 communi
715 793 942 853 opinione
983 808 1269 840 consensum
1323 796 1396 840 est
1444 790 1577 841 ‘deos
1632 810 1747 853 esse,
1799 809 1939 854 prae—

179 867 241 911 13
267 865 494 912 standam
562 867 798 926 pietatem
860 862 1181 926 parentibus',
1243 870 1511 927 praeterea,
1567 883 1691 928 quae
1746 867 1937 930 legibus

265 941 410 985 cauta
450 942 577 998 sunt,
617 955 741 999 quae
780 942 1093 1000 persuasione
1133 942 1283 987 etiam
1322 942 1365 987 si
1403 956 1501 987 non
1533 942 1750 987 omnium
1781 941 1939 987 homi-

263 1028 398 1071 num,
439 1012 540 1059 eius
579 1015 746 1059 tamen
787 1014 1003 1060 civitatis
1045 1015 1132 1059 aut-
1171 1015 1345 1075 gentis,
1392 1014 1444 1060 in
1493 1030 1589 1074 qua
1635 1030 1710 1061 res
1761 1015 1940 1077 agitur,

265 1085 316 1131 in
355 1101 512 1132 mores
551 1089 750 1146 recepta
789 1090 917 1146 sunt,
957 1090 1013 1133 ut
1052 1087 1288 1147 pleraque
1328 1088 1380 1133 in
1430 1089 1536 1134 iure
1587 1103 1684 1134 non
1735 1087 1940 1150 legibus,

266 1159 350 1206 sed
388 1159 605 1207 moribus
646 1162 893 1207 constant:
934 1162 976 1207 si
1008 1160 1126 1220 quid
1158 1160 1288 1206 inter
1319 1164 1579 1222 utramque
1611 1164 1802 1220 partem
1828 1176 1939 1207 con-

264 1232 414 1292 venit,
454 1234 495 1279 si
536 1233 652 1293 quid
691 1233 954 1294 probatum
994 1237 1080 1292 est,
1130 1233 1338 1294 denique
1379 1236 1664 1294 cuicumque
1712 1233 1938 1281 adversa-

180 1307 243 1352 14
266 1306 367 1353 rius
422 1322 519 1353 non
575 1306 881 1354 contradicit.
945 1309 1014 1354 sic
1062 1307 1188 1353 enim
1244 1307 1328 1353 fiet
1387 1309 1754 1369 argumentum:
1811 1303 1941 1354 ‘cum

266 1380 579 1440 providentia
633 1380 841 1427 mundus
895 1384 1116 1441 regatur,
1172 1380 1562 1428 administranda
1614 1396 1690 1428 res
1744 1380 1942 1441 publica

267 1449 398 1514 <est2
439 1454 659 1513 sequitur
697 1457 753 1499 ut
793 1453 1183 1501 administranda
1222 1470 1297 1501 res
1330 1451 1565 1516 publica>
1598 1456 1676 1513 sit,
1716 1455 1757 1501 si
1788 1454 1942 1515 lique-

182 1528 243 1572 15
269 1525 344 1572 bit
380 1527 616 1572 mundum
649 1527 961 1587 providentia
992 1523 1131 1590 regi'.
1173 1527 1317 1574 debet
1348 1529 1498 1574 etiam
1530 1530 1648 1575 nota
1679 1543 1781 1575 esse
1812 1531 1941 1574 recte

270 1603 562 1662 argumenta
594 1602 867 1648 tractaturo
902 1601 974 1648 vis
1009 1604 1058 1648 et
1089 1604 1269 1648 natura
1302 1603 1519 1647 omnium
1550 1617 1725 1661 rerum,
1759 1604 1807 1648 et
1824 1601 1941 1662 quid

267 1689 488 1734 quaeque
529 1689 697 1720 earum
736 1675 1025 1735 plerumque
1066 1674 1268 1722 efficiat:
1319 1675 1433 1721 hinc
1481 1676 1611 1721 enim
1657 1678 1771 1722 sunt
1818 1690 1942 1735 quae

178 1749 242 1793 16
268 1745 426 1793 εἰκότα
467 1746 708 1794 dicuntur.
750 1747 1055 1795 credibilium
1097 1752 1260 1795 autem
1293 1764 1470 1811 genera
1495 1750 1610 1796 sunt
1633 1749 1752 1795 tria:
1790 1765 1943 1794 unum

268 1819 620 1879 firmissimum,
673 1823 787 1882 quia
829 1823 929 1868 fere
977 1821 1169 1880 accidit,
1216 1824 1271 1868 ut
1329 1818 1526 1869 ‘liberos
1583 1837 1611 1868 a
1656 1822 1941 1882 parentibus

270 1889 462 1953 amari',
504 1895 713 1941 alterum
754 1896 889 1942 velut
928 1897 1230 1955 propensius,
1274 1892 1418 1955 ‘eum,
1466 1897 1551 1956 qui
1588 1898 1718 1942 rect-e
1763 1895 1941 1955 valeat,

268 1969 319 2013 in
361 1969 630 2015 crastinum
655 1965 1041 2028 pervent-urum’,
1080 1969 1280 2015 tertium
1307 1971 1501 2015 tantum
1526 1984 1623 2014 non
1647 1984 1942 2031 repugnans,

180 2043 240 2087 17
271 2037 340 2086 ‘in
381 2041 523 2088 domo
563 2042 749 2088 furtum
789 2043 975 2088 factum
1016 2042 1074 2088 ab
1116 2058 1187 2099 eo,
1227 2042 1311 2102 qui
1350 2042 1515 2089 domui
1553 2038 1681 2088 fuit'.
1736 2041 1941 2102 ideoque

267 2114 558 2162 Aristoteles
597 2117 651 2162 in
690 2116 899 2162 secundo
926 2115 983 2162 de
1009 2118 1113 2162 arte
1138 2116 1384 2163 rhetorica
1409 2116 1533 2162 libro
1567 2116 1942 2177 diligentissime

268 2191 344 2234 est
383 2192 648 2248 exsecutus,
698 2189 816 2249 quid
856 2191 1029 2249 cuique
1068 2191 1140 2236 rei
1179 2193 1227 2236 et
1266 2190 1385 2250 quid
1426 2191 1600 2250 cuique
1640 2189 1828 2237 homini
1868 2205 1942 2236 so-

267 2261 392 2308 leret
431 2262 663 2321 accidere,
703 2266 751 2309 et
791 2278 912 2323 quas
951 2279 1026 2309 res
1068 2278 1284 2323 quosque
1323 2263 1543 2310 homines
1584 2262 1758 2322 quibus
1797 2262 1941 2309 rebus

268 2337 357 2381 aut
394 2335 672 2383 hominibus
713 2336 790 2382 vel
830 2337 1139 2384 conciliasset
1177 2337 1255 2383 vel
1296 2337 1556 2384 alienasset
1602 2337 1710 2396 ipsa
1748 2339 1941 2396 natura,

387 2495 440 2532 27
475 2495 499 2543 g
534 2496 674 2533 1—17

387 2627 411 2664 2
446 2622 624 2678 aliquid
649 2624 702 2665 ecl
733 2623 878 2666 Jews..-
911 2623 1039 2665 aliud
1183 2628 1206 2665 5
1241 2638 1330 2677 quo
1356 2624 1548 2680 Regius:
1581 2623 1703 2678 quod
1825 2626 1849 2664 8
1883 2622 1943 2664 ad

267 2681 362 2724 add
386 2683 555 2725 Becher
677 2686 729 2724 18
761 2684 895 2737 suppl
927 2683 1070 2725 Halm
1102 2683 1273 2738 Reffl'us
1393 2687 1444 2724 21
1480 2681 1752 2737 plerumque
1776 2695 1846 2724 om
1868 2689 1906 2722 Α
1935 2681 1940 2737 l

267 2740 378 2782 hinc
403 2741 595 2797 Reyius:
627 2740 747 2783 nihil
867 2745 920 2782 26
955 2741 1114 2783 domui
1131 2749 1166 2781 A
1196 2741 1337 2784 Cass:
1370 2740 1527 2782 domni
1545 2746 1680 2782 BnN
1696 2740 1820 2782 domi
1857 2746 1943 2792 Pb,

267 2800 320 2840 in
349 2806 422 2848 By
455 2800 579 2842 lectio
611 2805 733 2843 vetus
757 2813 887 2842 erasa
912 2805 973 2842 est
1003 2800 1054 2852 cf
1085 2800 1187 2842 Tac,
1221 2815 1329 2842 ann.
1373 2804 1441 2853 16,
1483 2804 1537 2841 26
1690 2803 1743 2841 28
1777 2798 1946 2841 soleret

267 2857 516 2914 Spaldiny:
548 2858 665 2901 solet

1966 1620 2010 1651 20

1967 1986 2055 2018 25¹

2054 2037 2055 2053 l

1967 2353 2055 2385 301
