1991 3120
657 60 691 104 Ι.
724 59 1104 112 PROOEMIUM,
1136 64 1280 102 5—16
1789 58 1823 109 5

134 201 428 264 quibusdam
476 217 602 262 quae
649 201 1057 262 philosophorum
1095 200 1236 247 libris
1277 199 1608 258 continentur,
1655 200 1823 245 tamen

133 292 189 324 ea
226 277 333 323 iure
371 291 582 336 vereque
623 275 960 322 contenderim
999 289 1104 322 esse
1145 274 1307 335 operis
1339 273 1497 320 nostri
1527 274 1824 334 proprieque

132 349 197 397 ad
246 351 405 396 artem
456 350 728 396 oratoriam
777 348 1037 410 pertinere.
1084 363 1171 413 ban,
1224 348 1267 394 si
1316 347 1716 407 frequentissime
1764 346 1822 392 de
1849 346 1909 390 12

129 423 338 483 iustitia,
385 422 694 478 fortitudine,
742 414 1098 484 temperantia*
1123 421 1393 481 ceterisque
1442 419 1686 467 similibus
1727 419 1822 467 dis-

87 515 105 546 5
130 497 392 545 serendum
445 500 532 557 est,
581 497 703 544 adeo
752 499 810 544 ut
851 497 931 544 vix
978 496 1082 543 ulla
1120 496 1277 557 possit
1319 509 1466 541 031153
1505 493 1726 554 reperiri,
1773 493 1824 540 in

131 587 280 632 quam
330 587 428 619 non
481 571 654 632 aliqua
705 587 761 617 ex
811 570 886 618 his
936 569 1125 618 incidat
1172 568 1411 630 quaestio,
1464 584 1618 629 eaque
1659 567 1825 615 omnia

127 645 412 693 inventione
460 648 610 706 atque
661 645 938 692 elocutione
987 648 1105 692 sunt
1145 643 1452 704 explicanda,
1499 641 1825 700 dubitabitur,

127 719 427 780 ubicumque
483 719 556 767 vis
609 719 799 780 ingenii
854 721 903 767 et
959 718 1100 780 copia
1156 716 1347 765 dicendi
1403 716 1702 777 postulatur,
1756 715 1825 762 ibi

129 797 295 854 partes
328 793 539 841 oratoris
573 809 676 841 esse
709 790 1036 854 praecipuas?
1075 792 1376 853 fueruntque
1408 791 1543 850 haec,
1575 793 1631 836 ut
1658 788 1825 837 Cicero
1852 789 1912 834 13

63 884 105 916 ιο
129 867 441 930 apertissime
505 867 712 931 colligit,
780 866 1195 928 quemadmodum
1260 865 1431 912 iuncta
1494 867 1688 924 natura,
1757 864 1826 912 sic

129 941 291 989 officio
355 958 549 1003 quoque
605 942 855 1002 copulata,
920 943 977 989 ut
1030 940 1161 988 idem
1217 941 1466 1002 sapientes
1521 942 1672 1000 atque
1727 938 1824 986 elo-

129 1019 335 1077 quentes
368 1015 681 1064 haberentur.
712 1015 868 1063 scidit
898 1015 1073 1063 deinde
1106 1030 1155 1062 se
1190 1014 1424 1073 studium,
1465 1015 1614 1074 atque
1645 1012 1826 1060 inertia

128 1091 315 1138 factum
348 1093 423 1138 est
454 1092 512 1138 ut
543 1094 674 1138 artes
707 1105 811 1138 esse
843 1089 1008 1152 plures
1042 1089 1339 1137 viderentur.
1381 1103 1497 1135 nam
1529 1090 1586 1134 ut
1609 1087 1827 1148 primum

127 1165 302 1227 lingua
357 1179 461 1212 esse
514 1165 677 1226 coepit
727 1165 779 1211 in
832 1167 1040 1226 quaestu
1080 1164 1472 1224 institutumque
1513 1161 1826 1223 eloquentiae

62 1255 102 1286 15
126 1238 268 1287 bonis
309 1239 438 1286 male
479 1241 568 1300 uti,
609 1255 779 1287 curam
818 1254 1010 1286 morum
1044 1238 1131 1299 qui
1164 1237 1337 1285 diserti
1369 1235 1681 1284 habebantur
1713 1235 1824 1282 reli-

128 1315 360 1374 querunt:
425 1329 481 1360 ea
542 1329 658 1361 vero
715 1313 955 1361 destituta
1009 1312 1361 1359 infirmioribus
1417 1310 1629 1373 ingeniis
1686 1310 1825 1358 velut
1851 1307 1911 1353 14

126 1386 338 1448 praedae
376 1388 488 1435 fuit.
537 1387 651 1435 inde
691 1387 895 1450 quidam
936 1389 1219 1448 contempto
1259 1386 1380 1434 bene
1420 1384 1616 1433 dicendi
1655 1383 1823 1431 labore

129 1461 191 1508 ad
242 1461 523 1509 formandos
577 1462 767 1509 animos
817 1461 1206 1522 statuendasque
1253 1460 1388 1508 vitae
1435 1460 1567 1523 leges
1615 1458 1824 1522 regressi

127 1538 320 1596 partem
377 1536 577 1597 quidem
631 1536 890 1598 potiorem,
946 1536 987 1584 si
1043 1535 1200 1583 dividi
1255 1537 1436 1597 posset,
1493 1533 1825 1593 retinuerunt,

61 1626 102 1656 ρο
127 1625 306 1658 nomen
352 1612 519 1658 tamen
569 1610 663 1658 sibi
710 1610 1151 1658 insolentissimum
1199 1609 1578 1672 adrogaverunt,
1626 1610 1685 1655 ut
1731 1607 1824 1654 soli

128 1684 339 1732 studiosi
378 1687 653 1746 sapientiae
693 1688 1003 1732 vocarentur.
1044 1683 1178 1746 quod
1210 1700 1367 1745 neque
1402 1684 1581 1730 summi
1613 1683 1823 1743 impera-

126 1763 258 1806 tores
306 1775 468 1820 neque
516 1759 567 1805 in
616 1759 833 1807 consiliis
873 1775 1037 1806 rerum
1077 1758 1403 1805 maximarum
1447 1772 1501 1803 30
1542 1757 1698 1804 totius
1740 1755 1823 1802 ad-

126 1832 493 1880 ministratione
531 1835 606 1881 101
645 1832 872 1895 publicae
914 1833 1186 1882 clarissime
1227 1833 1411 1880 versati
1451 1830 1544 1879 sibi
1586 1845 1820 1891 umquam

125 1906 377 1955 vindicare
417 1911 535 1955 sunt
576 1908 710 1955 ausi:
750 1908 910 1956 facere
953 1907 1083 1954 enim
1124 1908 1312 1968 optima
1355 1922 1502 1967 quam
1536 1905 1823 1967 promittere

61 1997 102 2028 25
126 1981 422 2029 maluerunt.
486 1997 541 2029 ac
604 1984 828 2030 veterum
893 1982 1090 2043 quidem
1154 1980 1426 2043 sapientiae
1490 1980 1822 2041 professorum
1850 1976 1908 2021 15

124 2056 311 2103 multos
359 2058 408 2103 et
454 2056 662 2104 honesta
709 2056 1018 2118 praecepisse
1059 2058 1122 2114 et,
1171 2058 1226 2102 ut
1266 2054 1622 2116 praeceperint,
1674 2054 1823 2101 etiam

125 2131 306 2178 vixisse
365 2130 510 2178 facile
570 2132 913 2179 concesserim:
973 2132 1155 2178 nostris
1208 2146 1322 2177 vero
1374 2127 1681 2190 temporibus
1735 2127 1823 2175 sub

125 2203 216 2250 1100
271 2206 469 2252 nomine
525 2207 742 2252 maxima
796 2207 849 2252 in
904 2205 1150 2266 plerisque
1207 2206 1332 2252 vitia
1387 2203 1655 2251 latuerunt.
1725 2218 1824 2249 non

42 2306 50 2310 -
127 2280 258 2325 enim
306 2280 491 2327 virtute
543 2295 600 2328 ac
647 2279 825 2328 studiis
866 2283 922 2326 ut
960 2278 1261 2327 haberentur
1300 2277 1584 2340 philosophi
1631 2276 1824 2324 labora-

60 2368 103 2398 30
129 2351 263 2412 bant,
311 2353 396 2400 sed
444 2353 640 2402 vultum
688 2356 737 2401 et
776 2355 1036 2402 tristitiam
1079 2355 1127 2400 et
1167 2353 1537 2402 dissentientem
1579 2366 1608 2398 a
1648 2352 1823 2399 ceteris

126 2425 351 2474 habitum
384 2429 611 2489 pessimis
644 2429 862 2477 moribus
893 2427 1298 2490 praetendebant.
1342 2427 1464 2474 haec
1497 2426 1660 2473 autem
1696 2440 1823 2486 quae
1851 2423 1912 2467 16

125 2501 263 2548 velut
312 2503 516 2563 propria
565 2503 908 2586 philosophiae
958 2502 1267 2562 adseruntur,
1318 2502 1502 2564 passim
1549 2501 1822 2547 tractamus

127 2589 308 2622 omnes.
374 2577 484 2637 quis
537 2578 668 2624 enim
717 2593 815 2625 non
867 2577 926 2624 de
978 2578 1126 2636 iusto,
1178 2592 1335 2637 aequo
1386 2590 1442 2622 ac
1481 2574 1626 2634 bono,
1676 2573 1822 2621 modo

125 2664 224 2696 non
263 2652 314 2697 et
350 2651 430 2697 vir
467 2653 725 2712 pessimus,
763 2649 1020 2713 loquitur?
1061 2652 1170 2712 quis
1211 2667 1308 2698 non
1342 2651 1491 2698 etiam
1526 2649 1821 2696 rusticorum

62 2750 75 2767 l
245 2780 270 2819 9
304 2777 378 2820 De
415 2746 538 2821 Orat.
567 2777 659 2820 III
683 2781 740 2821 15
773 2792 822 2834 sq

244 2884 300 2923 33
332 2881 470 2924 modo
504 2895 597 2925 non
630 2883 677 2925 et
709 2883 737 2925 i.
772 2897 808 2926 e.
839 2881 982 2936 μόνον
1016 2881 1116 2937 οὐχὶ
1152 2878 1230 2924 καί
