2007 3120
767 44 800 88 Ι.
852 49 892 98 5,
927 49 1115 88 35-51.
1726 46 1796 99 35

101 190 272 248 apert-e
312 203 398 234 nos
441 186 649 233 doceant
680 185 805 232 nihil
837 185 1016 232 horum
1048 184 1109 232 ad
1144 184 1264 232 duos
1295 187 1557 246 pertinere,
1592 182 1794 232 ‘dixere'

102 277 315 323 quoque,
355 276 658 321 quamquam
695 259 747 305 id
790 259 1040 306 Antonius
1089 259 1245 306 Rufus
1301 276 1359 306 ex
1414 260 1607 308 diverso
1653 261 1796 321 ponit

101 335 392 397 exemplum,
432 335 490 381 de
529 333 754 395 pluribus
794 334 1018 394 patronis
1058 349 1236 394 praeco
1277 335 1578 395 pronuntiet.
1643 332 1795 395 quid‘?
1821 332 1885 378 44

99 425 197 456 non
243 409 415 456 Livius
471 410 601 455 circa
652 408 798 454 initia
853 408 1021 454 statim
1069 407 1219 468 primi
1265 407 1384 454 libri
1433 404 1676 468 ‘tenuere,
1722 410 1796 455 in-

56 501 74 531 5
102 484 223 544 quit,
277 498 438 530 arcem
495 479 684 529 Sabini'
740 484 788 528 et
837 498 950 528 mox
1004 478 1074 528 ‘in
1139 481 1399 529 adversum
1453 482 1668 529 Romani
1718 498 1795 529 su-

98 554 290 604 biere'?
330 557 414 605 sed
446 573 591 618 quem
624 557 791 617 potius
825 572 914 618 ego
951 573 1098 616 quam
1130 556 1194 602 M.
1221 557 1442 603 Tullium
1467 554 1678 618 sequar?
1712 557 1798 618 qui

97 633 149 677 in
189 630 396 678 Oratore
439 627 555 677 ‘non
594 627 872 692 reprendo',
923 631 1102 691 inquit,
1160 626 1440 692 ‘scripserez
1496 632 1798 691 scripserunt

100 721 202 752 esse
242 707 406 753 verius
448 702 641 752 sentio’.
684 704 913 752 similiter
951 706 1003 751 in
1043 705 1296 752 vocabulis
1339 707 1387 752 et
1426 705 1708 752 nominibus
1740 705 1798 751 fit
1822 702 1883 748 45

99 779 413 827 soloecismus
454 796 645 841 genere,
693 794 913 840 numero,
960 780 1159 840 proprie
1202 782 1367 826 autem
1407 779 1615 838 casibus,
1657 779 1796 841 quid-

32 872 73 903 10
100 854 217 915 quid
256 855 433 901 horum
473 855 619 901 alteri
659 853 897 900 succedet.
950 854 1068 900 huic
1105 855 1240 914 parti
1280 853 1644 916 subiungantur
1682 853 1797 901 licet

96 945 185 989 per
238 929 630 989 comparationes
687 931 736 975 et
790 928 1175 989 superlationes,
1237 927 1455 989 itemque
1509 930 1562 974 in
1618 928 1796 988 quibus

95 1004 316 1063 patrium
370 1019 459 1064 pro
514 1003 790 1064 possessivo
840 1002 1023 1049 dicitur
1069 1002 1148 1049 vel
1197 1005 1382 1049 contra.
1452 1019 1569 1048 nam
1615 1002 1795 1049 vitium
1821 1000 1884 1044 46

99 1076 229 1137 quod
267 1076 324 1123 fit
362 1093 450 1138 per
491 1078 839 1138 quantitatem,
879 1080 935 1123 ut
977 1073 1234 1139 ‘magnum
1272 1073 1612 1137 peculiolum’,
1654 1081 1797 1123 erunt

98 1153 185 1212 qui
224 1152 567 1198 soloecismum
605 1154 797 1212 putent,
839 1152 956 1212 quia
995 1167 1084 1212 pro
1117 1151 1312 1198 nomine
1348 1151 1541 1214 integro
1576 1153 1796 1212 positum

33 1242 73 1274 15
100 1227 165 1273 sit
204 1225 535 1273 deminutum:
591 1242 680 1288 ego
729 1225 900 1273 dubito
951 1242 1012 1272 an
1060 1225 1111 1272 id
1149 1225 1464 1286 inproprium
1501 1225 1668 1286 potius
1711 1241 1795 1286 ap—

97 1300 300 1361 pellem3
335 1300 696 1363 significatione
730 1302 860 1347 enim
893 1300 1109 1347 deerrat:
1143 1300 1421 1347 soloecismi
1444 1315 1591 1361 porro
1617 1302 1795 1347 vitium

96 1390 196 1421 non
237 1377 311 1422 est
350 1375 401 1421 in
434 1391 593 1434 sensu,
634 1374 720 1422 sed
750 1377 803 1421 in
835 1375 1090 1436 conplexu.
1140 1376 1192 1421 in
1225 1375 1492 1436 participio
1523 1390 1612 1435 per
1644 1390 1795 1438 genus
1822 1371 1882 1416 47

99 1451 148 1495 et
196 1464 363 1496 casum
410 1452 468 1496 ut
514 1451 567 1496 in
605 1449 861 1508 vocabulo,
915 1465 1004 1510 per
1042 1452 1268 1510 tempora
1308 1453 1364 1495 ut
1403 1449 1455 1495 in
1493 1449 1658 1509 verbo,
1710 1466 1797 1510 per

96 1540 355 1570 numerum
387 1526 445 1570 ut
476 1525 528 1570 in
560 1525 770 1584 utroque
803 1526 1049 1585 peccatur.
1091 1540 1364 1585 pronomen
1397 1539 1594 1585 quoque
1627 1539 1795 1586 genus,

31 1615 73 1646 20
97 1614 371 1657 numerum,
420 1613 560 1646 casus
600 1598 764 1658 habet,
815 1614 939 1659 quae
981 1600 1146 1645 omnia
1185 1600 1437 1659 recipiunt
1475 1598 1622 1645 huius
1662 1598 1797 1646 modi

97 1688 324 1719 errorem.
394 1672 520 1720 fiunt
576 1674 851 1720 soloecismi
907 1675 955 1719 et
1009 1672 1208 1734 quidem
1254 1673 1458 1734 plurimi
1505 1689 1593 1734 per
1638 1674 1796 1734 partis
1822 1668 1884 1714 48

98 1748 359 1794 orationis:
415 1748 500 1794 sed
549 1748 599 1793 id
652 1747 846 1794 tradere
899 1748 1019 1795 satis
1071 1764 1169 1794 non
1219 1750 1306 1806 est,
1362 1763 1422 1793 ne
1474 1748 1548 1794 ita
1599 1747 1796 1794 demum

96 1821 276 1867 vitium
331 1837 433 1869 esse
490 1822 657 1868 credat
711 1838 846 1882 puer,
903 1822 942 1869 si
999 1838 1088 1881 pro
1145 1822 1245 1869 alia
1299 1824 1516 1883 ponatur
1571 1822 1684 1880 alia,
1740 1826 1795 1868 ut

95 1895 314 1955 verbum,
354 1896 437 1942 ubi
477 1912 656 1943 nomen
697 1911 799 1944 esse
833 1896 1071 1956 debuerit,
1113 1896 1191 1943 vel
1225 1896 1528 1955 adverbium,
1568 1896 1655 1942 ubi
1685 1911 1796 1957 pro-

30 1986 72 2018 25
96 1986 276 2017 nomen
315 1985 371 2017 ac
412 1971 609 2017 similia.
650 1986 767 2017 nam
806 1973 921 2018 sunt
962 1971 1206 2031 quaedam
1247 1972 1473 2033 cognata,
1514 1972 1570 2016 ut
1610 1970 1795 2029 dicunt,
1820 1966 1884 2011 49

96 2044 147 2090 id
195 2047 269 2092 est
315 2045 533 2092 eiusdem
580 2047 786 2109 generis,
836 2047 890 2092 in
938 2045 1114 2106 quibus
1163 2047 1250 2106 qui
1298 2045 1397 2091 alia
1446 2045 1605 2105 specie
1645 2060 1793 2105 quam

99 2120 294 2180 oportet
339 2122 524 2179 utetur,
579 2136 678 2167 non
723 2121 887 2167 minus
936 2135 1086 2181 quam
1132 2120 1239 2180 ipso
1289 2135 1464 2183 genere
1513 2122 1794 2180 permutato

97 2193 375 2254 deliquerit.
438 2210 555 2241 nam
594 2198 644 2241 et
685 2190 787 2241 ‘an'
830 2198 877 2241 et
918 2189 1043 2241 eaut’
1085 2196 1454 2242 coniunctiones
1496 2195 1626 2252 sunt,
1665 2194 1793 2240 male
1821 2191 1884 2235 50

95 2270 264 2314 tamen
309 2269 584 2332 interroges
627 2265 722 2315 ‘hic
773 2271 860 2316 aut
905 2268 991 2316 ille
1031 2265 1132 2316 sit'.
1204 2272 1252 2316 et
1293 2264 1391 2315 ‘ne'
1437 2284 1490 2315 ac
1533 2263 1669 2316 ‘non'
1713 2268 1795 2314 ad—

30 2359 73 2390 30
97 2341 287 2389 verbia:
328 2344 418 2404 qui
455 2346 623 2390 tamen
663 2343 796 2390 dicat
833 2359 923 2404 pro
963 2343 1052 2391 illo
1095 2339 1173 2389 ‘ne
1207 2338 1399 2391 feceris’
1435 2338 1553 2390 ‘non
1583 2339 1793 2402 feceris',

96 2417 150 2462 in
187 2417 320 2464 idem
359 2417 547 2465 incidat
578 2420 770 2477 vitium,
813 2419 931 2478 quia
963 2418 1172 2465 alterum
1207 2418 1421 2481 negandi
1453 2420 1541 2477 est,
1582 2417 1794 2464 alterum

96 2491 312 2538 vetandi.
364 2492 455 2539 hoc
495 2493 710 2553 amplius
753 2488 920 2539 ‘intro’
965 2495 1014 2538 et
1056 2488 1226 2540 ‘intus’
1268 2493 1366 2540 loci
1406 2491 1654 2551 adverbia,
1697 2487 1790 2538 ‘eo'

96 2566 263 2612 tamen
313 2562 483 2613 ‘intus'
535 2570 583 2614 et
632 2563 781 2613 ‘intro
831 2563 959 2614 sum'
1009 2566 1286 2615 soloecismi
1334 2568 1459 2613 sunt.
1532 2566 1703 2613 eadem
1742 2566 1792 2612 in
1819 2562 1877 2606 51

218 2727 243 2763 3
274 2721 370 2765 Liv.
407 2728 445 2775 1,
483 2728 535 2765 12
570 2750 625 2754 —
659 2728 683 2766 6
719 2737 754 2766 e.
789 2727 860 2776 47,
897 2728 978 2766 157

220 2876 244 2913 2
279 2884 564 2926 quamquam
595 2872 644 2914 id
677 2879 783 2916 BP:
818 2872 944 2927 quod
976 2880 1013 2914 A
1145 2876 1198 2914 10
1233 2871 1546 2928 subiungatur
1576 2879 1612 2912 A

1379 2946 1436 2988 3²3
