2055 3130
760 66 842 110 VIr
872 72 910 120 1,
946 71 1132 109 17—26.
1684 66 1792 119 315

108 207 310 254 mendat
372 209 420 254 et
482 222 629 254 causa
683 206 903 268 periculi,
966 207 1008 252 si
1063 207 1332 267 suscepisse
1387 206 1675 252 inimicitias
1731 205 1791 251 ob

107 281 310 342 aliquod
349 281 536 328 factum
575 281 832 327 honestum
874 279 1086 338 videtur,
1125 281 1387 340 praecipue
1435 279 1653 336 bonitas,
1701 278 1791 324 hu-

106 355 336 413 manitas,
391 353 749 414 misericordia3
816 354 993 400 iustius
1058 355 1189 400 enim
1250 355 1415 413 petere
1472 368 1528 399 ea
1585 352 1790 412 quisque

105 427 304 475 videtur
352 443 380 474 a
419 429 601 487 iudice,
658 443 782 489 quae
837 427 950 474 aliis
1004 427 1110 488 ipse
1163 427 1483 487 praestiterit.
1538 425 1793 472 referenda

59 519 80 551 5
105 517 220 562 pars
260 502 381 549 haec
421 518 615 563 quoque
655 502 717 548 ad
757 501 1028 548 utilitatem
1068 500 1140 547 rei
1177 501 1418 561 publicae,
1471 500 1532 546 ad
1572 500 1792 546 iudicum

106 575 332 637 gloriam,
373 576 436 622 ad
476 575 766 636 exemplum,
822 575 884 621 ad
929 577 1217 621 memoriam
1258 575 1579 636 posteritatis.
1633 573 1790 634 pluri-
1817 573 1879 618 23

103 666 242 696 mum
280 641 446 697 tamen
488 650 621 696 valet
659 650 926 708 miseratio,
969 665 1093 710 quae
1132 648 1346 696 iudicem
1385 664 1482 695 non
1514 647 1647 694 flecti
1676 650 1786 693 tan-

104 726 215 770 tum
255 724 402 786 cogit,
450 723 534 770 sed
572 725 762 770 motum
813 738 1007 783 quoque
1062 723 1216 770 animi
1271 723 1350 770 sui
1403 722 1622 768 lacrimis
1679 737 1791 768 0011-

103 796 246 844 fiteri.
294 798 414 845 haec
452 800 648 858 petetur
689 800 778 843 aut
818 813 874 843 ex
912 799 988 856 iis,
1039 813 1163 857 quae
1202 811 1376 857 passus
1418 799 1492 842 est
1529 810 1657 854 reus,
1705 797 1792 841 aut

36 888 79 920 10
102 870 179 930 iis,
229 886 356 932 quae
404 887 514 918 cum
560 872 771 918 maxime
811 870 1024 931 patitur,
1077 873 1164 918 aut
1194 870 1278 930 iis,
1327 886 1452 930 quae
1500 869 1792 916 damnatum

103 947 326 992 manent:
369 960 496 1006 quae
538 948 586 992 et
624 945 734 1005 ipsa
775 944 1106 1006 duplicantur,
1156 960 1266 992 011111
1306 944 1534 1002 dicimus,
1585 959 1642 990 ex
1694 958 1790 1004 qua-

101 1018 180 1065 iJJi
217 1019 419 1065 fortuna
458 1021 507 1065 et
546 1019 597 1064 in
639 1035 787 1079 quam
825 1018 1142 1066 recidendum
1181 1020 1259 1065 sit.
1302 1018 1465 1065 adfert
1494 1019 1547 1064 in
1579 1017 1655 1064 his
1687 1033 1788 1064 mo·
1817 1015 1881 1060 24

101 1094 323 1140 mentum
364 1095 413 1139 et
451 1095 588 1140 aetas
630 1095 679 1140 et
718 1108 858 1140 sexus
901 1096 950 1139 et
987 1094 1212 1154 pignora,
1252 1092 1409 1151 liberi,
1451 1091 1575 1151 dico,
1617 1093 1665 1137 et
1703 1107 1789 1152 pa-

101 1169 265 1213 rentes
321 1168 369 1213 et
416 1167 697 1228 propinqui.
755 1182 878 1227 quae
942 1167 1108 1214 omnia
1162 1167 1372 1214 tractari
1424 1168 1561 1213 varie
1617 1165 1789 1212 solent.

36 1257 77 1289 15
103 1256 476 1302 nonnumquam
523 1243 674 1288 etiam
720 1243 826 1301 ipse
873 1244 1113 1302 patronus
1169 1241 1256 1287 has
1307 1243 1474 1302 partes
1532 1239 1678 1299 subit,
1734 1242 1790 1286 ut

103 1313 272 1362 Cicero
312 1331 399 1376 pro
441 1315 647 1362 Milone:
690 1311 737 1362 ‘o
777 1331 854 1361 me
893 1315 1149 1362 miserum!
1192 1330 1218 1362 o
1258 1316 1307 1361 te
1339 1314 1610 1361 infelicem!
1651 1329 1789 1360 revo-

101 1403 212 1436 care
251 1405 329 1436 me
368 1392 425 1436 tu
462 1389 514 1435 in
553 1390 784 1451 patriam,
824 1390 962 1448 Milo,
1001 1390 1211 1451 potuisti
1250 1405 1338 1450 per
1376 1389 1479 1447 hos,
1520 1403 1609 1450 ego
1649 1390 1697 1434 te
1737 1388 1789 1434 in

100 1464 268 1524 patria
305 1479 394 1524 per
433 1463 626 1511 eosdem
665 1465 877 1510 retinere
927 1479 1027 1510 non
1073 1459 1299 1524 potero?
1353 1464 1685 1522 maximeque,
1734 1463 1789 1520 si,

101 1539 157 1583 ut
196 1539 305 1583 tum
346 1538 540 1596 accidit,
579 1553 677 1584 non
719 1538 1019 1585 conveniunt
1059 1539 1103 1583 ei
1156 1539 1242 1598 qui
1293 1539 1554 1584 accusatur
1600 1551 1789 1597 preces,

35 1629 78 1660 20
102 1626 219 1658 nam
267 1613 376 1673 quis
428 1611 579 1658 ferret
626 1612 859 1659 Milonem
909 1628 998 1673 pro
1054 1611 1215 1673 capite
1271 1627 1358 1659 suo
1414 1610 1789 1672 supplicantem,
1816 1610 1878 1654 25

103 1686 189 1746 qui
229 1700 258 1731 a
298 1701 347 1732 se
386 1687 549 1733 virum
588 1686 804 1732 nobilem
843 1687 1180 1744 interfectum,
1231 1686 1347 1747 quia
1394 1685 1447 1732 id
1492 1684 1600 1731 fieri
1647 1700 1789 1745 opor-

100 1760 292 1818 tuisset,
345 1758 619 1806 fateretur?
678 1775 791 1823 ergo
847 1762 896 1807 et
958 1760 1036 1807 illi
1090 1760 1313 1821 captavit
1376 1776 1431 1807 ex
1486 1759 1595 1820 ipsa
1648 1774 1789 1819 prae-

101 1835 289 1881 stantia
330 1834 483 1881 animi
521 1835 743 1882 favorem
783 1837 831 1881 et
869 1835 922 1882 in
961 1835 1124 1882 locum
1164 1834 1482 1881 lacrimarum
1532 1835 1635 1880 eius
1683 1834 1789 1894 ipse

100 1907 346 1955 successit.

34 1999 75 2031 25
211 1981 303 2028 His
358 1983 621 2043 praecipue
661 1982 780 2030 10015
821 1983 967 2030 utiles
1021 1985 1136 2029 sunt
1174 1983 1576 2043 prosopopoeiae,
1623 1980 1676 2028 id
1716 1982 1790 2027 est

98 2055 243 2103 fictae
277 2057 549 2103 alienarum
592 2073 908 2117 personarum
956 2058 1227 2115 orationes,
1255 2052 1292 2118 ’ἴ
1325 2056 1495 2117 quales
1535 2056 1789 2118 litigatore

100 2130 222 2176 dicit
240 2133 519 2191 patronum,
544 2131 704 2178 nudae
720 2133 917 2178 tantum
935 2147 1010 2179 res
1035 2134 1259 2178 movent:
1287 2133 1338 2176 at
1363 2146 1475 2178 curn
1500 2131 1633 2190 ipsos
1650 2130 1790 2189 loqui

100 2203 347 2267 fingimus,
389 2221 445 2251 ex
483 2206 706 2266 personis
749 2221 944 2266 quoque
984 2206 1203 2252 trahitur
1243 2204 1478 2252 adfectus.
1520 2220 1617 2250 non
1657 2204 1789 2249 enim
1815 2202 1877 2246 ‘36

99 2277 270 2325 audire
320 2277 466 2325 iudex
512 2278 709 2326 videtur
757 2279 918 2326 aliena
972 2280 1105 2327 mala
1159 2279 1398 2338 deflentis,
1454 2278 1539 2326 sed
1593 2293 1786 2325 sensum

222 2468 276 2506 16
311 2478 334 2506 c
367 2468 436 2517 37,
472 2469 555 2507 102

220 2645 244 2683 3
277 2643 434 2696 petere
473 2649 530 2684 A:
572 2644 684 2685 tunc
724 2644 883 2697 petere
922 2643 1005 2686 rell
1185 2647 1208 2684 9
1249 2644 1470 2698 petentur
1509 2643 1638 2686 libri:
1687 2656 1787 2686 corr

101 2700 272 2744 Gesner
411 2706 464 2744 16
496 2702 563 2758 te]
595 2716 668 2744 me
705 2702 792 2745 Cic.
827 2702 879 2754 cf
907 2702 1061 2759 Quint.
1095 2701 1159 2744 XI
1191 2706 1230 2755 3,
1268 2707 1348 2744 172
1498 2706 1549 2744 18
1582 2715 1674 2744 11011
1706 2702 1786 2756 po-

97 2761 197 2802 tero
232 2767 276 2801 P
307 2761 394 2804 Cic.
429 2774 495 2803 om
530 2761 613 2804 rell
752 2766 806 2803 26
846 2761 1087 2817 litigatore
1129 2761 1245 2804 dicit
1286 2763 1535 2817 patronum
1574 2769 1654 2802 AG
1674 2760 1786 2818 ,fiti-

98 2820 311 2876 gatorem
343 2819 477 2862 decet
506 2822 756 2875 patronum
787 2828 953 2862 aPt'Jl
976 2826 1089 2875 puto
1122 2820 1285 2876 quales
1323 2820 1613 2877 litigatorem
1654 2820 1788 2863 decet

99 2877 354 2937 (proferre.
390 2878 620 2934 quidquid
652 2879 775 2922 enim
809 2879 1041 2922 dicentem
1072 2880 1214 2923 iudex
1246 2879 1415 2938 audit>
1448 2882 1698 2935 patronum
