2055 3130
687 634 954 692 LIBER
1001 634 1424 702 QUARTUS.

864 871 1237 918 Prooemium.

169 1028 194 1070 1
332 1019 570 1078 Perfecto,
607 1018 837 1064 Marcelle
876 1017 1052 1078 Vitori,
1093 1018 1253 1078 operis
1291 1017 1386 1063 tibi
1417 1017 1567 1064 dicati
1591 1019 1738 1065 tertio
1761 1017 1888 1064 libro

223 1097 271 1142 et
308 1095 409 1140 iam
449 1094 625 1153 quarta
664 1092 763 1138 fere
809 1090 990 1137 laboris
1037 1093 1177 1150 parte
1222 1093 1473 1138 transacta
1518 1107 1646 1139 nova
1690 1092 1891 1151 insuper

221 1168 343 1214 mihi
383 1165 667 1229 diligentiae
707 1179 853 1212 causa
885 1166 934 1210 et
965 1164 1114 1210 altior
1144 1164 1437 1223 sollicitudo,
1479 1165 1623 1224 quale
1654 1165 1890 1212 iudicium

223 1241 477 1288 hominum
510 1253 760 1297 emererer‚
800 1239 1016 1285 accessit.
1058 1237 1216 1284 adhuc
1248 1239 1376 1284 enim
1408 1237 1545 1284 velut
1576 1238 1738 1285 studia
1761 1239 1891 1284 inter

222 1330 309 1361 nos
350 1312 738 1371 conferebamus,
786 1314 836 1357 et
875 1313 917 1358 si
954 1326 1130 1372 parum
1168 1313 1337 1358 nostra
1373 1311 1622 1358 institutio
1662 1310 1890 1371 probare-

222 1390 306 1434 tur
345 1403 373 1433 a
413 1388 598 1443 ceteris,
650 1386 867 1432 contenti
905 1385 1008 1431 fore
1047 1384 1312 1431 domestico
1351 1399 1445 1431 usu
1483 1385 1790 1444 videbamur,
1835 1386 1892 1431 ut

169 1468 198 1511 2
223 1461 298 1508 tui
335 1462 530 1520 meique
569 1459 662 1504 filii
700 1459 908 1504 formare
950 1457 1260 1518 disciplinam
1292 1459 1411 1504 satis
1444 1460 1741 1517 putaremus.
1783 1473 1892 1504 cum

222 1550 336 1582 vero
361 1534 484 1580 mihi
507 1532 820 1579 Domitianus
853 1531 1108 1593 Augustus
1141 1532 1319 1578 sororis
1352 1546 1468 1578 suae
1499 1534 1732 1593 nepotum
1765 1531 1892 1578 dele-

225 1609 416 1670 gaverit
455 1622 636 1664 curam,
686 1621 783 1651 non
823 1606 944 1651 satis
990 1605 1223 1651 honorem
1269 1604 1560 1651 iudiciorum
1607 1605 1892 1652 caelestium

224 1681 525 1743 intellegam,
557 1681 653 1726 nisi
678 1694 734 1726 ex
764 1678 855 1724 hoc
888 1680 1046 1724 oneris
1073 1693 1265 1738 quoque
1291 1678 1679 1739 magnitudinem
1702 1678 1891 1725 metiar.

169 1762 198 1805 3
227 1756 337 1816 quis
378 1756 505 1800 enim
545 1752 666 1799 mihi
718 1755 804 1799 aut
840 1766 1006 1798 ’mores
1055 1751 1301 1798 excolendi
1350 1753 1414 1799 sit
1466 1752 1660 1811 modus,
1711 1754 1766 1799 ut
1812 1766 1892 1798 eos

225 1843 322 1874 non
368 1827 596 1873 inmerito
643 1825 927 1886 probaverit
973 1826 1308 1872 sanctissimus
1357 1840 1541 1885 censor,
1590 1828 1676 1872 aut
1715 1824 1892 1884 studia,

226 1917 284 1948 ne
325 1901 556 1948 fefellisse
595 1901 647 1944 in
687 1900 747 1945 iis
786 1898 955 1945 videar
991 1899 1261 1959 principem
1300 1901 1356 1945 ut
1386 1898 1437 1944 in
1470 1899 1707 1957 omnibus,
1745 1898 1818 1945 ita
1841 1900 1892 1944 in

171 1981 199 2025 4
228 1974 508 2035 eloquentia
540 1988 734 2033 quoque
767 1970 1238 2019 eminentissimum?
1278 1972 1409 2032 quod
1441 1973 1482 2019 si
1513 1987 1654 2019 nemo
1686 1972 1895 2018 miratur

226 2052 396 2109 poetas
435 2048 673 2093 maximos
714 2060 858 2105 saepe
881 2046 1066 2104 fecisse,
1106 2049 1162 2091 ut
1185 2061 1282 2092 non
1313 2046 1473 2092 solum
1504 2045 1661 2092 initiis
1694 2061 1895 2106 operum

227 2137 425 2169 suorum
462 2120 628 2167 Musas
677 2121 985 2178 invocarent,
1036 2119 1118 2165 sed
1172 2121 1390 2179 provecti
1443 2134 1633 2180 quoque
1686 2119 1894 2180 longius,

228 2210 337 2242 cum
385 2195 446 2240 ad
498 2194 712 2253 aliquem
766 2194 1043 2254 graviorem
1096 2193 1343 2239 venissent
1393 2193 1567 2251 locum,
1619 2194 1895 2252 repeterent

174 2276 202 2320 5
228 2271 346 2316 vota
386 2271 432 2314 et
463 2267 599 2313 velut
630 2281 757 2313 nova
789 2268 1068 2326 precatione
1100 2268 1368 2323 uterentur,
1407 2266 1530 2312 mihi
1563 2281 1754 2326 quoque
1784 2281 1894 2326 pro-

228 2343 355 2388 fecto
395 2341 578 2402 poterit
626 2341 837 2401 ignosci,
892 2340 947 2398 si,
1004 2339 1134 2400 quod
1171 2339 1331 2398 initio,
1385 2355 1482 2399 quo
1521 2339 1734 2400 primum
1770 2339 1896 2385 hanc

227 2416 486 2462 materiam
525 2413 767 2471 incohavi,
806 2429 903 2459 non
943 2413 1165 2472 feceram,
1204 2428 1333 2458 nunc
1372 2413 1528 2459 omnis
1567 2414 1619 2458 in
1659 2411 1896 2459 auxilium

230 2489 344 2535 deos
384 2488 639 2548 ipsumque
678 2486 727 2532 in
768 2487 955 2546 primis,
996 2502 1090 2547 quo
1122 2502 1279 2547 neque
1310 2485 1615 2546 praesentius
1649 2485 1781 2532 aliud
1805 2500 1892 2531 nec

231 2562 406 2609 studiis
445 2562 603 2623 magis
642 2560 912 2621 propitium
943 2575 1121 2605 numen
1154 2562 1239 2619 est,
1278 2559 1511 2620 invocem,
1550 2560 1619 2619 ut,
1660 2561 1897 2620 quantum

350 2751 374 2788 3
409 2745 614 2788 dedicati
645 2752 733 2786 BP
834 2748 860 2785 4
892 2757 1038 2787 novae
1068 2751 1156 2785 BP
1259 2748 1282 2786 6
1315 2756 1512 2786 mererer
1542 2751 1577 2784 A
1671 2748 1723 2784 21
1758 2757 1897 2796 quom

233 2805 375 2847 Halm
496 2808 550 2846 23
584 2804 692 2847 deos
717 2818 788 2847 om
810 2811 855 2845 B
973 2807 1027 2844 24
1058 2802 1313 2858 propitium
1344 2810 1401 2845 A:
1434 2802 1671 2858 proprium
1694 2809 1783 2844 BP

1918 1548 1959 1579 10

1918 1915 1959 1946 15

1919 2281 1961 2313 20
