2007 3120
45 875 85 906 10

42 1245 83 1278 15

43 1617 84 1648 20

42 1988 82 2019 25

42 2359 83 2390 30

755 47 809 91 Π.
845 54 914 101 15,
949 53 1107 92 6—18.
1698 49 1799 101 105

113 191 350 238 orationis
404 191 621 252 primum
673 191 723 236 et
784 205 930 249 super
982 190 1147 235 omnia
1199 203 1301 235 6556
1358 183 1669 248 ‘persuadere
1726 189 1798 236 iu-

112 265 210 312 dici
265 267 314 312 et
367 263 665 312 sententiam
720 264 822 310 eius
870 262 1046 309 ducere
1091 264 1146 309 in
1190 262 1242 308 id
1291 262 1421 322 quod
1472 258 1627 309 velit'.
1683 279 1798 309 nam

112 341 161 386 et
217 339 322 400 ipse
380 340 625 385 oratorem
678 338 911 383 fortunae
966 337 1166 396 Subicit,
1219 338 1290 395 ut,
1345 337 1389 382 si
1441 352 1539 383 non
1599 352 1798 397 persua-

112 413 245 471 serit,
283 428 463 460 nomen
502 427 648 459 suum
686 413 898 458 retinere
931 426 1028 457 non
1051 411 1226 471 possit.
1267 410 1471 470 quidam
1493 414 1799 457 recesserunt
1826 409 1888 452 13

111 486 172 533 ab
213 489 408 546 eventu,
448 487 575 533 sicut
621 485 916 532 Aristoteles
972 484 1114 531 dicit:
1172 480 1434 531 ‘rhetorice
1483 488 1557 531 est
1603 486 1677 531 vis
1724 486 1798 531 in-

110 560 339 608 veniendi
408 561 574 607 omnia
641 559 694 605 in
765 559 988 606 oratione
1057 553 1439 620 persuasibilia'.
1535 559 1618 619 qui
1687 558 1799 605 finis

111 638 159 682 et
197 634 324 682 illud
361 635 555 693 vitium,
597 633 654 680 de
696 650 792 694 quo
833 649 984 694 supra
1023 633 1251 692 diximus,
1291 632 1454 692 habet,
1496 636 1545 679 et
1582 635 1798 694 insuper,

111 709 242 770 quod
287 708 413 754 nihil
460 708 556 754 nisi
595 707 932 755 inventionem
982 708 1325 768 conplectitur,
1375 722 1500 767 quae
1548 707 1652 753 sine
1702 707 1799 754 elo-

111 785 303 830 cutione
342 798 441 829 non
482 786 556 829 est
596 783 769 830 oratio.
810 781 1162 843 Hermagorae,
1215 783 1301 842 qui
1347 780 1495 827 finem
1543 783 1647 828 eius
1696 796 1798 828 esse
1827 779 1888 822 14

110 859 182 904 ait
245 852 655 918 ‘persuasibffiter
717 852 911 915 dicere',
979 858 1028 902 et
1098 856 1226 915 aliis,
1278 857 1364 916 qui
1426 855 1628 902 eandem
1693 870 1798 902 sen-

108 933 334 990 tent-iam,
374 946 472 977 non
511 931 667 977 isdem
707 934 904 977 tantum
943 931 1105 978 verbis
1147 931 1395 990 explicant
1435 945 1491 976 ac
1516 929 1665 976 finem
1697 945 1799 977 esse

109 1005 465 1065 demonstrant,
553 1001 732 1052 ‘dicere
807 1020 932 1065 quae
1009 1006 1237 1065 oporteat
1314 1006 1481 1051 omnia
1556 1003 1619 1050 ad
1690 1020 1800 1065 per-

110 1075 450 1139 suadendum’‚
511 1081 630 1126 satis
692 1094 982 1139 responsum
1035 1082 1123 1139 est,
1186 1095 1296 1125 cum
1349 1078 1645 1139 persuadere
1701 1094 1800 1124 non

109 1156 305 1200 tantum
339 1155 550 1201 oratoris
584 1169 686 1201 esse
721 1153 1035 1201 convicimus.
1064 1152 1234 1200 addita
1267 1156 1383 1200 sunt
1414 1153 1490 1200 his
1525 1154 1625 1199 alia
1648 1154 1798 1199 varie.

110 1228 312 1289 quidam
353 1228 484 1275 enim
524 1229 654 1275 circa
692 1243 770 1275 res
812 1243 993 1288 omnes,
1036 1227 1239 1288 quidam
1280 1228 1410 1275 circa
1451 1227 1620 1274 civiles
1653 1227 1798 1274 modo
1827 1225 1890 1268 15

107 1304 297 1350 versari
333 1303 612 1350 rhetoricen
657 1304 985 1364 putaverunt:
1033 1318 1244 1363 quorum
1289 1303 1453 1348 verius
1503 1305 1670 1348 utrum
1720 1303 1799 1361 sit,

107 1378 160 1422 in
208 1393 263 1423 60
310 1376 433 1436 1060,
492 1378 579 1438 qui
631 1377 779 1423 huius
837 1376 1141 1437 quaestionis
1195 1378 1424 1437 proprius
1480 1379 1568 1435 est,
1625 1376 1797 1422 dicam.

109 1452 274 1497 omnia
308 1451 571 1499 subiecisse
605 1452 792 1498 oratori
814 1451 1013 1497 videt-ur
1044 1451 1353 1510 Aristoteles,
1381 1467 1492 1498 cum
1525 1450 1652 1497 dixit
1678 1446 1798 1498 ‘vim
1827 1448 1890 1492 16

109 1540 210 1572 6556
289 1525 511 1585 videndi,
589 1525 708 1587 quid
779 1527 832 1572 in
895 1541 1090 1586 quaque
1159 1541 1210 1571 re
1284 1527 1444 1586 possit
1514 1541 1616 1572 esse
1694 1541 1800 1585 per-

110 1595 380 1659 suasibile',
432 1602 481 1647 et
530 1600 781 1659 Iatrocles,
834 1601 920 1660 qui
969 1615 1068 1646 non
1109 1600 1307 1661 quidem
1349 1599 1503 1646 adicit
1559 1595 1630 1646 (111
1681 1614 1800 1660 qua-

109 1689 202 1734 que
249 1669 338 1734 re’,
385 1674 469 1721 sed
515 1675 641 1721 nihil
688 1674 973 1735 excipiendo
1013 1674 1145 1720 idem
1193 1674 1421 1720 ostendit.
1488 1669 1625 1721 ‘vim’
1670 1675 1800 1720 enim

110 1750 255 1794 vocat
311 1744 614 1795 ‘inveniendi
683 1749 815 1810 quod
885 1750 948 1795 sit
1017 1750 1071 1795 in
1141 1748 1363 1795 oratione
1433 1743 1799 1809 persuasibile⁷z

111 1823 195 1882 qui
234 1821 354 1870 fines
395 1825 444 1870 et
489 1824 588 1884 ipsi
627 1824 785 1870 solam
839 1823 1218 1883 conplectuntur
1262 1822 1611 1870 inventionem.
1669 1822 1801 1884 quod

108 1897 288 1943 vitium
341 1897 536 1959 fugiens
584 1898 813 1944 Eudorus
865 1893 1002 1944 ‘vim'
1053 1899 1199 1958 putat
1240 1893 1543 1945 ‘inveniendi
1598 1900 1647 1944 et
1702 1897 1800 1944 elo-

109 1970 292 2031 quendi
353 1986 464 2018 cum
527 1974 704 2018 ornatu
767 1971 1023 2020 credibilia
1084 1972 1135 2018 in
1199 1972 1333 2018 omni
1395 1966 1653 2018 oratione’.
1718 1970 1801 2018 sed
1827 1967 1887 2012 17

109 2060 219 2091 cum
283 2046 452 2092 eodem
512 2046 658 2093 modo
730 2046 1000 2105 credibilia,
1065 2062 1160 2106 quo
1219 2046 1584 2107 persuasibilia,
1649 2047 1801 2092 etiam

106 2135 206 2166 non
246 2121 414 2167 orator
462 2122 701 2181 inveniat,
753 2120 1010 2168 adiciendo
1065 2117 1134 2166 ‘in
1174 2120 1308 2167 omni
1349 2116 1590 2167 oratione'
1639 2121 1808 2182 magis·

110 2209 259 2254 quam
300 2194 577 2255 superiores
618 2195 843 2242 concedit
883 2196 1067 2243 scelera
1109 2211 1302 2256 quoque
1344 2194 1665 2242 suadentibus
1690 2194 1799 2256 pul-

111 2267 381 2315 cherrimae
419 2269 494 2315 rei
532 2285 724 2317 nomen.
768 2268 978 2332 Gorgias
1020 2269 1154 2330 apud
1185 2269 1445 2317 Platonem
1479 2269 1716 2316 suadendi
1749 2284 1797 2316 56
1825 2264 1889 2308 IS

110 2342 347 2389 artificem
378 2344 430 2389 in
469 2344 666 2391 iudiciis
708 2347 756 2391 et
807 2345 918 2391 aliis
974 2343 1192 2391 coetibus
1250 2359 1352 2391 esse
1404 2345 1491 2403 ait,
1545 2344 1604 2390 de
1653 2344 1799 2391 iustis

228 2532 252 2571 5
285 2529 422 2573 Rhet.
458 2534 498 2582 1,
532 2534 555 2572 2
592 2556 646 2561 -
681 2533 736 2572 29
768 2545 798 2586 p
833 2535 918 2573 454
952 2530 987 2572 B

228 2696 253 2734 3
287 2694 334 2735 et
365 2692 519 2748 ipsum
550 2701 588 2735 A
771 2698 796 2736 5
829 2693 1116 2751 inveniendi]
1162 2697 1401 2749 θεωρῆσαι
1436 2694 1698 2736 Aristoteles
1730 2694 1748 2735 i
1779 2706 1800 2734 e

108 2752 322 2794 intuendi
446 2758 498 2795 11
531 2754 738 2811 tantum]
770 2755 929 2796 tamen
954 2761 998 2795 P
1111 2758 1164 2796 19
1197 2753 1388 2796 videndi
1412 2761 1469 2796 A:
1506 2752 1690 2794 dicendi
1714 2759 1804 2794 BP

229 2815 284 2854 20
315 2811 552 2855 Patrocles
584 2821 669 2855 ΑΡ
696 2812 914 2857 Iatrocles
945 2820 991 2855 B
1019 2813 1072 2866 cf
1094 2813 1159 2855 ΠΙ
1187 2818 1228 2867 6,
1261 2817 1317 2855 44
1441 2817 1496 2855 24
1529 2811 1799 2854 Theodorus

108 2876 204 2912 ΑΝ
226 2870 457 2914 Diodorus
489 2872 680 2929 Spenqel
1593 2875 1600 2878 ⁴
