2055 3130
763 65 817 109 V.
854 71 892 119 7,
929 70 1113 109 18-28.
1674 67 1783 119 243

100 223 216 254 nam
257 209 426 254 contra
449 207 551 266 illa,
594 221 717 266 quae
742 221 892 266 supra
923 204 1147 265 diximus,
1189 205 1341 252 simili
1370 206 1562 252 ratione
1586 221 1786 266 respon-

102 281 208 328 deri
260 281 380 327 locis
432 279 769 327 communibus
825 279 963 338 solet,
1028 279 1143 339 quia
1197 282 1255 325 111
1309 279 1362 324 111
1414 280 1584 340 paucis
1638 282 1785 340 atque

100 354 371 401 humilibus
413 356 669 401 accusator
710 353 1027 413 simplicitate
1067 353 1272 415 gloriari
1310 355 1489 414 potest,
1531 353 1664 413 quod
1702 369 1785 400 ne-

100 430 282 474 minem
314 430 510 488 praeter
543 443 638 487 eos,
673 428 758 487 qui
781 428 973 486 possint
1006 428 1143 486 scire,
1184 427 1465 487 quaesierit,
1504 428 1577 473 ita
1602 427 1784 473 multos

58 519 76 550 5
103 505 250 562 atque
289 502 519 548 honestos
560 500 897 548 commendare
938 500 1195 560 aliquanto
1238 502 1312 547 est
1352 500 1562 547 facilius.
1614 517 1786 547 verum
1811 500 1874 544 25

100 575 300 622 interim
342 577 390 621 et
431 575 652 637 singulos
699 577 756 620 ut
802 589 1058 633 exornare,
1108 575 1182 620 ita
1230 574 1478 621 destruere
1526 576 1784 637 contingit,

102 652 191 696 aut
262 649 473 696 recitata
533 650 799 696 testatione
863 651 948 694 aut
1017 647 1228 695 testibus
1297 648 1587 707 nominatis,
1655 648 1786 708 quod

101 723 164 770 iis
203 723 522 784 temporibus,
565 722 740 783 quibus
780 723 919 769 testis
959 738 1058 769 non
1097 724 1210 782 post
1249 721 1416 769 finitas
1459 723 1675 770 actiones
1708 738 1784 768 ro-

103 796 328 859 gabatur,
355 798 404 843 et
427 797 623 854 facilius
651 799 698 843 et
722 796 1029 857 frequentius
1061 796 1165 842 fuit.
1207 796 1327 856 quid
1351 798 1516 842 autem
1541 796 1593 841 in
1620 812 1784 856 quem-

37 888 79 918 10
107 887 200 932 que
241 872 443 918 testium
486 870 745 917 dicendum
786 870 864 928 sit,
905 871 1033 916 sumi
1071 870 1170 916 nisi
1210 886 1265 917 ex
1304 871 1524 931 ipsorum
1563 870 1785 930 personis

34 1259 75 1290 15

32 1629 75 1660 20

34 1999 74 2031 25

34 2369 76 2400 30

99 960 199 991 non
237 947 413 1005 potest.

211 1018 450 1079 Reliquae
475 1017 815 1080 interrogandi
840 1020 954 1064 sunt
977 1020 1163 1079 partes:
1199 1034 1295 1078 qua
1320 1019 1371 1063 in
1396 1033 1448 1064 re
1473 1019 1687 1079 primum
1713 1020 1786 1064 est
1813 1017 1875 1060 26

99 1107 242 1139 nosse
268 1095 457 1139 testem.
498 1108 613 1139 nam
644 1092 849 1139 timidus
873 1091 1062 1152 terreri,
1097 1093 1278 1139 stultus
1312 1092 1486 1151 decipi,
1518 1092 1784 1139 iracundus

101 1166 351 1226 concitari,
393 1166 681 1213 ambitiosus
705 1165 884 1224 inflari,
908 1166 1083 1228 longus
1102 1166 1326 1227 protrahi
1357 1168 1536 1226 potest,
1571 1166 1784 1226 prudens

100 1256 216 1288 vero
232 1244 280 1287 et
298 1245 526 1288 constans
544 1241 623 1287 vel
639 1243 895 1300 tamquam
912 1240 1143 1287 inimicus
1159 1242 1207 1287 et
1220 1242 1450 1300 pervicax
1464 1239 1785 1287 dimittendus

101 1315 271 1362 statim
325 1315 403 1362 vel
458 1330 555 1361 non
610 1315 1014 1376 interrogatione,
1071 1315 1156 1361 sed
1208 1314 1348 1361 brevi
1400 1314 1785 1361 interlocutione

98 1389 298 1449 patroni
337 1389 625 1436 refutandus
674 1391 759 1447 est,
810 1391 896 1434 aut
944 1389 1126 1449 aliquo,
1182 1390 1225 1434 si
1278 1388 1545 1450 continget,
1599 1388 1785 1435 urbane

100 1463 231 1510 dicto
271 1463 635 1525 refrigerandus
677 1467 777 1522 aut,
817 1462 859 1509 si
899 1462 1019 1523 quid
1055 1464 1109 1509 in
1149 1464 1250 1509 eius
1277 1464 1434 1509 vitam
1466 1462 1563 1509 dici
1586 1465 1785 1523 poterit,

98 1537 307 1583 infamia
347 1539 609 1584 criminum
648 1535 985 1584 destruendus.
1040 1536 1218 1597 probos
1269 1536 1508 1597 quosdam
1555 1539 1603 1583 et
1649 1553 1785 1583 vere·
1811 1536 1872 1581 27

100 1611 282 1658 cundos
322 1627 421 1658 non
462 1626 629 1672 aspere
670 1613 910 1658 incessere
948 1612 1159 1671 profuit,
1206 1627 1321 1656 nam
1361 1626 1519 1671 saepe,
1576 1612 1662 1671 qui
1703 1611 1784 1657 ad-

99 1700 270 1732 versus
294 1687 619 1732 insectantem
651 1687 971 1747 pugnassent,
1011 1685 1252 1732 modestia
1275 1686 1584 1747 mitigantur.
1627 1687 1785 1732 omnis

102 1761 266 1806 autem
305 1759 628 1821 interrogatio
677 1762 763 1805 aut
810 1759 860 1804 in
909 1774 1055 1805 causa
1112 1761 1185 1806 est
1240 1762 1325 1805 aut
1382 1761 1519 1805 extra
1571 1774 1783 1806 causam.

99 1835 151 1879 in
192 1849 352 1893 causa,
395 1835 525 1880 sicut
573 1834 849 1880 accusatori
895 1835 1255 1894 praecepimus,
1304 1835 1542 1894 patronus
1592 1848 1785 1893 quoque

101 1908 250 1955 altius
291 1910 354 1967 et,
393 1908 522 1954 unde
569 1908 694 1954 nihil
743 1908 958 1968 suspecti
1006 1908 1090 1966 sit,
1139 1909 1353 1967 repetita
1399 1909 1784 1968 percontatione,

99 1983 265 2042 priora
306 1982 622 2042 sequentibus
665 1981 956 2042 adplicando
1000 1997 1144 2042 saepe
1188 1997 1242 2027 eo
1282 1982 1509 2041 perducit
1548 1981 1785 2040 homines,

99 2057 157 2102 ut
210 2057 382 2102 invitis
433 2056 562 2116 quod
617 2057 775 2117 prosit
831 2058 1132 2116 extorqueat.
1192 2057 1294 2102 eius
1350 2057 1424 2102 rei
1475 2057 1578 2102 sine
1636 2055 1783 2102 dubio
1811 2055 1874 2099 28

99 2145 255 2191 neque
296 2130 557 2191 disciplina
597 2130 701 2177 ulla
739 2130 791 2175 in
832 2129 1009 2177 scholis
1051 2145 1208 2190 neque
1235 2131 1520 2177 exercitatio
1552 2129 1785 2189 traditur,

100 2206 149 2258 et
187 2204 407 2250 naturali
446 2206 604 2266 magis
646 2205 867 2250 acumine
908 2207 995 2250 aut
1034 2219 1127 2250 usu
1169 2205 1411 2267 contingit
1449 2205 1570 2251 haec
1610 2206 1783 2251 virtus.

101 2279 142 2324 si
182 2278 313 2339 quod
351 2280 520 2324 tamen
560 2278 836 2339 exemplum
877 2277 939 2324 ad
977 2277 1308 2325 imitationem
1348 2278 1786 2325 demonstrandum

101 2353 178 2412 sit,
220 2353 378 2399 solum
420 2355 494 2399 031
534 2352 663 2412 quod
704 2368 758 2399 ex
808 2352 1018 2414 dialogis
1068 2351 1430 2399 Socraticorum
1477 2354 1785 2412 maximeque

99 2426 321 2473 Platonis
371 2427 484 2473 duci
528 2429 714 2487 potest:
769 2428 820 2472 in
870 2425 1045 2486 quibus
1088 2426 1206 2473 adeo
1263 2426 1414 2473 scitae
1470 2429 1586 2473 sunt
1634 2426 1785 2472 inter-

220 2587 246 2623 4
277 2582 458 2638 possint
491 2582 566 2625 T2:
600 2584 796 2637 possunt
827 2589 955 2623 ABP
987 2582 991 2639 Ι
1026 2582 1095 2624 113
1126 2582 1373 2639 Spalding:
1416 2583 1462 2624 01
1642 2587 1665 2624 5
1702 2582 1784 2624 ali-

102 2642 287 2696 quando
319 2649 447 2683 ΑΒΡ
472 2644 476 2698 Ι
506 2643 594 2699 est]
629 2642 690 2684 sit
720 2649 757 2682 A
881 2646 902 2682 7
938 2641 1136 2684 recitata
1172 2642 1445 2698 testatione]
1486 2641 1695 2684 recitatis
1736 2643 1786 2684 in

103 2701 285 2743 actione
324 2701 433 2744 libri
554 2706 577 2744 9
612 2704 658 2744 01
696 2699 883 2743 facilius
916 2708 976 2743 P:
1019 2703 1074 2743 ut
1112 2700 1297 2743 facilius
1338 2708 1383 2742 B
1411 2700 1598 2743 facilius
1630 2709 1666 2742 A

104 2765 157 2802 14
191 2759 358 2815 longus
389 2760 601 2814 protrahi
642 2759 760 2802 PT2:
802 2759 955 2802 locum
993 2760 1202 2815 protrahi
1234 2768 1314 2812 Ab,
1360 2774 1429 2803 om
1461 2767 1506 2802 B
1627 2764 1678 2802 15
1712 2759 1787 2801 vel

102 2819 238 2873 quasi
269 2819 364 2861 iam
397 2819 524 2861 inim.
560 2821 606 2862 et
638 2819 676 2861 31
709 2834 734 2860 >01
766 2832 890 2873 perv.
933 2821 980 2861 01
1012 2819 1119 2861 dim.
1155 2821 1209 2862 st.
1253 2821 1298 2862 et
1331 2833 1422 2861 non
1454 2827 1490 2860 A
1613 2823 1666 2861 21
1701 2833 1784 2874 pu-

100 2880 217 2935 gnat
241 2904 295 2908 —
328 2877 574 2934 mitigatur
596 2886 633 2919 A
756 2882 809 2920 22
843 2877 891 2919 in
917 2877 980 2919 1²²
1004 2879 1137 2921 Edd:
1169 2893 1224 2921 ex
1254 2878 1400 2920 ABP1

1433 2952 1518 2993 16*
