2055 3130
689 69 766 114 ΠΙ.
801 74 842 126 7,
874 74 943 113 28.
977 74 1018 125 8,
1053 75 1214 116 1-10.
1691 73 1796 126 165

114 208 373 272 Philippus
415 226 477 257 an
515 206 725 270 reddat'‚
766 209 897 271 apud
939 208 1218 257 Ciceronem
1257 211 1309 257 in
1333 210 1624 272 Philippicis
1659 207 1798 274 ‘quid

115 286 180 330 sit
218 280 496 331 tumultus'.
539 282 690 345 quid?
730 299 829 330 non
866 284 957 330 illa
996 284 1171 331 similis
1218 284 1527 331 iudicialium
1574 287 1796 346 quaestio

115 357 173 404 de
214 359 380 405 statua
413 357 570 404 Servii
605 357 826 418 Sulpicii,
867 353 951 404 ‘an
988 358 1051 405 iis
1091 357 1287 404 demum
1324 359 1553 419 ponenda
1592 361 1672 419 sit,
1715 359 1800 420 qui

113 432 167 477 in
204 431 452 493 legatione
491 432 619 478 ferro
662 433 776 478 sunt
799 427 1139 492 interempti’?
1180 448 1295 494 ergo
1320 448 1434 494 pars
1461 432 1798 493 deliberativa,
1856 435 1885 478 6

69 521 88 552 5
116 520 240 565 quae
289 505 459 551 eadem
507 506 729 552 suasoria
777 505 980 563 dicitur,
1029 505 1087 551 de
1132 506 1353 567 tempore
1400 507 1567 554 futuro
1608 508 1797 554 consul—

112 581 225 625 tans
267 579 460 640 quaerit
501 579 651 625 etiam
690 579 749 625 de
795 581 1080 640 praeterito.
1137 579 1312 628 officiis
1365 583 1557 628 constat
1612 581 1801 628 duobus

115 652 353 699 suadendi
393 668 449 699 ac
489 652 819 700 dissuadendi.

224 725 496 786 Prooemio‚
538 726 682 788 quale
724 728 798 774 est
835 727 887 773 in
926 726 1264 787 iudicialibus,
1315 744 1412 775 non
1453 727 1635 790 ubique
1677 731 1801 791 eget,

115 800 231 860 quia
271 801 561 848 conciliatus
611 803 684 847 est
739 801 785 847 ei
840 801 1061 862 quisque,
1117 817 1262 862 quem
1312 803 1536 849 consulit.
1600 804 1800 850 initium

47 890 88 921 10
112 876 279 921 tamen
328 874 668 936 quodcumque
717 874 861 922 debet
913 874 1094 922 habere
1142 875 1361 936 aliquam
1407 879 1649 938 prooemii
1694 892 1800 938 spe-

114 950 261 1009 ciem3
307 964 464 1010 neque
506 951 636 995 enim
677 949 884 1010 abrupte
922 964 1012 996 nec
1065 949 1195 996 unde
1250 950 1397 997 libuit
1451 951 1800 1012 incipiendum,

114 1024 229 1083 quia
271 1024 344 1069 est
377 1023 566 1083 aliquid
604 1024 656 1069 in
697 1025 830 1070 omni
868 1023 1079 1070 materia
1129 1024 1428 1071 naturaliter
1473 1026 1702 1086 primum.
1749 1026 1802 1071 in
1861 1025 1887 1070 7

110 1099 289 1142 senatu
330 1099 379 1143 et
417 1098 589 1159 utique
628 1098 681 1143 in
720 1097 1030 1145 contionibus
1080 1097 1251 1144 eadem
1294 1099 1441 1158 ratio,
1498 1115 1622 1159 quae
1671 1099 1803 1161 apud

110 1170 314 1231 iudices,
363 1171 695 1232 adquirendae
751 1171 846 1218 sibi
898 1172 1190 1233 plerumque
1247 1187 1429 1232 eorum,
1492 1173 1625 1234 apud
1681 1189 1802 1235 quos

45 1260 86 1291 15
113 1244 374 1291 dicendum
424 1246 502 1306 sit,
557 1245 932 1293 benivolentiae.
987 1261 1076 1293 nec
1129 1247 1324 1305 mirum,
1379 1263 1489 1294 cum
1539 1248 1691 1294 etiam
1751 1248 1803 1294 in

111 1319 424 1382 panegyricis
464 1322 665 1380 petatur
712 1319 1020 1366 audientium
1066 1320 1222 1380 favor,
1277 1320 1362 1367 ubi
1417 1322 1802 1369 emolumentum

111 1408 210 1439 non
250 1394 474 1441 utilitate
508 1394 692 1456 aliqua,
733 1393 815 1441 sed
839 1397 891 1441 in
917 1394 1023 1441 sola
1045 1394 1192 1441 laude
1226 1396 1466 1442 consistit.
1506 1395 1802 1443 Aristoteles
1859 1396 1888 1440 8

114 1467 326 1528 quidem,
364 1483 453 1515 nec
493 1468 596 1515 sine
645 1484 808 1528 causa,
863 1470 1010 1530 putat
1057 1471 1106 1515 et
1156 1468 1216 1516 ab
1255 1471 1427 1516 nostra
1467 1472 1515 1516 et
1572 1470 1631 1517 ab
1684 1472 1804 1531 eius,

114 1541 199 1602 qui
239 1541 510 1602 dissentiet,
558 1557 769 1604 persona
809 1543 923 1589 duci
961 1543 1246 1604 frequenter
1291 1545 1346 1590 in
1393 1545 1610 1592 consiliis
1667 1560 1802 1591 exor-

44 1631 87 1662 20
112 1615 263 1675 dium,
316 1617 458 1677 quasi
518 1616 860 1664 mutuantibus
914 1617 1006 1664 hoc
1059 1617 1201 1664 nobis
1254 1634 1281 1663 a
1335 1618 1560 1664 iudiciali
1611 1634 1802 1680 genere,

111 1704 483 1751 nonnumquam
523 1693 688 1751 etiam,
741 1694 798 1738 ut
845 1691 1007 1738 minor
1051 1706 1128 1738 res
1179 1692 1398 1739 maiorve
1445 1692 1695 1740 videatur:
1749 1694 1802 1739 in

112 1763 512 1812 demonstrativis
552 1781 668 1812 vero
708 1767 962 1826 prooemia
1002 1780 1103 1812 esse
1158 1767 1369 1812 maxime
1424 1766 1582 1814 libera
1637 1767 1801 1814 existi-

110 1840 241 1884 mat:
280 1854 397 1885 nam
437 1842 485 1886 et
523 1839 670 1901 longe
711 1855 740 1885 a
779 1840 989 1886 materia
1029 1839 1155 1897 duci,
1202 1843 1259 1886 ut
1305 1842 1358 1886 in
1396 1840 1615 1887 Helenae
1655 1841 1801 1888 laude
1857 1841 1888 1885 9

111 1911 353 1960 Isocrates
393 1913 580 1973 fecerit,
637 1916 686 1960 et
740 1930 797 1960 ex
851 1914 1023 1975 aliqua
1075 1914 1149 1959 rei
1203 1914 1400 1974 vicinia,
1456 1918 1513 1961 ut
1565 1915 1696 1962 idem
1749 1916 1801 1961 in

44 2001 87 2032 25
111 1985 417 2048 Panegyrico
473 2003 584 2034 cum
641 1990 865 2050 queritur
916 1988 1029 2049 plus
1082 1988 1281 2035 honoris
1338 2004 1598 2050 corporum
1653 2005 1802 2051 quam

113 2060 390 2108 animorum
428 2062 696 2109 virtutibus
737 2061 857 2121 dari,
899 2065 948 2109 et
989 2061 1197 2125 Gorgias
1228 2062 1280 2108 in
1307 2060 1568 2124 Olympico
1592 2064 1800 2111 laudans

112 2149 193 2182 eos
235 2135 321 2196 qui
361 2136 510 2197 primi
559 2137 684 2183 tales
735 2136 1047 2184 instituerint
1094 2139 1376 2184 conventus.
1434 2153 1554 2199 quos
1606 2141 1801 2185 secutus

111 2208 342 2256 videlicet
391 2208 440 2256 C.
495 2209 763 2258 Sallustius
813 2213 865 2257 in
915 2210 1045 2257 bello
1100 2211 1396 2273 Iugurthino
1452 2215 1500 2259 et
1557 2210 1801 2259 Catilinae

111 2282 238 2329 nihil
278 2282 339 2330 ad
377 2284 638 2331 historiam
676 2285 1038 2346 pertinentibus
1070 2286 1328 2347 principiis
1371 2302 1508 2334 orsus
1550 2289 1635 2334 est.

43 2371 87 2403 30
223 2355 319 2403 Sed
349 2374 480 2404 nunc
507 2358 568 2406 ad
593 2361 946 2407 suasoriam:
984 2361 1037 2405 in
1072 2375 1184 2420 qua,
1221 2360 1368 2407 etiam
1405 2375 1516 2407 cum
1546 2362 1797 2422 prooemio
1827 2360 1891 2404 10

110 2432 320 2490 utemur,
357 2432 582 2480 breviore
621 2435 789 2480 tamen
830 2436 879 2480 et
916 2433 1056 2481 velut
1089 2434 1304 2494 quodam
1337 2436 1498 2495 capite
1530 2437 1728 2482 tantum
1752 2437 1801 2482 et

231 2608 252 2644 1
289 2607 329 2656 8,
365 2608 404 2657 1,
438 2609 462 2646 2
497 2631 552 2635 —
588 2609 611 2646 3
645 2603 852 2661 Philipp.
888 2609 912 2647 9
946 2631 1002 2636 -—
1037 2610 1089 2648 17
1123 2605 1261 2650 Rhet.
1297 2609 1336 2660 3,
1373 2609 1440 2647 14.

232 2768 258 2806 5
292 2765 526 2809 consultat
556 2767 660 2809 APl
781 2771 807 2810 8
839 2767 1002 2822 utique
1036 2776 1081 2810 P
1199 2773 1252 2811 17
1285 2768 1335 2810 in
1366 2767 1577 2810 utilitate
1600 2781 1723 2811 unus
1746 2781 1800 2810 ex

115 2823 351 2867 Pari-sinis
379 2826 456 2868 sed
487 2831 550 2869 est
579 2827 732 2883 fiyura
763 2827 857 2870 ἀπὸ
889 2834 1052 2870 κοινοῦ
1244 2832 1296 2870 21
1331 2827 1539 2870 maiorne
1571 2834 1616 2868 Β

112 2885 168 2925 28
202 2880 431 2927 Catilinae
462 2888 577 2935 Aql:
612 2884 864 2929 Catilinate
895 2894 941 2928 B
968 2885 1220 2930 Katilinari
1253 2895 1298 2929 P
