2055 3130
582 79 637 123 V.
673 84 741 132 10,
778 83 1023 122 121—125.
1059 84 1127 131 11,
1164 83 1289 121 1—5.
1665 78 1772 130 273

699 211 797 269 [DE
830 211 1164 268 EXEMPLIS.]

200 294 282 341 XI.
324 294 546 340 Tertium
586 308 737 355 genus
769 309 826 339 ex
858 293 934 351 iis,
975 307 1098 353 quae
1133 293 1431 338 extrinsecus
1466 290 1774 338 adducuntur
1805 294 1829 336 1

89 370 142 414 in
203 382 416 427 causam,
472 367 648 415 Graeci
699 369 880 414 vocant
929 365 1259 429 παράδειγμα,
1323 380 1418 425 quo
1473 367 1671 412 nomine
1726 369 1773 412 et

90 441 385 505 generaliter
423 443 501 488 usi
539 442 654 489 sunt
691 442 743 486 in
785 441 918 486 omni
958 439 1194 488 similium
1235 438 1543 500 adpositione
1584 438 1634 485 et
1667 454 1773 501 spe-

45 533 64 565 5
92 515 286 563 cialiter
330 517 383 561 in
428 516 506 573 iis,
547 531 672 576 quae
711 530 874 560 rerum
913 516 1164 575 gestarum
1205 512 1498 559 auctoritate
1531 514 1772 559 nituntur.

90 591 248 636 nostri
285 589 386 636 fere
428 588 804 636 similitudinem
842 602 1017 634 vocare
1056 587 1353 646 maluerunt,
1401 586 1533 647 quod
1573 586 1633 633 ab
1673 587 1773 635 illis

89 659 360 726 (proprie)
393 661 648 727 παραβολή
684 662 876 720 dicitur,
909 662 1000 707 hoc
1034 661 1244 708 alterum
1277 661 1568 722 exemplum,
1602 676 1772 721 quam-

91 752 235 797 quam
278 739 327 783 et
365 737 456 783 hoc
495 737 654 783 simile
696 738 744 782 et
782 735 909 781 illud
948 735 1237 795 exemplum.
1290 750 1393 794 nos,
1443 751 1537 795 quo
1577 735 1772 782 facilius
1800 737 1828 781 2

90 812 397 872 propositum
438 810 747 871 explicemus,
798 812 1062 870 utrumque
1101 808 1408 873 παράδειγμα
1457 823 1558 856 0550
1607 809 1772 856 creda—

20 903 64 934 10
88 901 195 932 mus
236 887 285 931 et
323 884 420 946 ipsi
460 884 761 945 appellemus
802 884 1091 944 exemplum.
1142 898 1230 929 1100
1279 898 1452 930 vereor
1497 899 1556 930 ne
1603 883 1774 930 videar

87 974 363 1021 repugnare
421 956 663 1017 Ciceroni,
723 973 1021 1018 quamquam
1077 956 1406 1004 conlationem
1461 959 1657 1017 separat
1711 957 1772 1003 ab

88 1032 324 1093 exemplo.
363 1048 479 1078 nam
524 1032 655 1078 idem
711 1047 904 1078 omnem
955 1031 1435 1094 argumentationem
1487 1030 1667 1078 dividit
1721 1032 1774 1076 in

88 1106 210 1153 duas
249 1108 430 1167 partes,
481 1106 819 1153 inductionem
859 1108 907 1152 et
944 1105 1399 1164 ratiocinationem,
1447 1107 1503 1151 ut
1549 1105 1771 1166 plerique

91 1179 385 1227 Graecorum
424 1181 477 1226 in
527 1179 893 1243 παραδείγματα
940 1182 989 1226 et
1037 1177 1398 1243 ἐπιχειρήματα,
1449 1178 1772 1240 dixeruntque

20 1272 61 1303 15
87 1253 394 1318 παράδειγμα
433 1252 695 1317 ῥητορικὴν
735 1252 1007 1318 ἐπαγωγὴν.
1055 1269 1171 1300 113111
1209 1253 1311 1313 illa,
1361 1269 1458 1314 qua
1504 1254 1773 1314 plurimum
1803 1256 1830 1300 3

89 1330 162 1375 est
194 1328 419 1375 Socrates
451 1343 582 1387 usus,
615 1329 741 1375 hanc
773 1327 950 1374 habuit
973 1330 1120 1387 viam,
1154 1324 1279 1390 <ut>
1305 1343 1415 1374 cum
1445 1327 1590 1389 plura
1621 1328 1772 1373 inter-

86 1405 324 1464 rogasset,
381 1417 503 1462 quae
549 1402 695 1449 fateri
743 1402 1022 1449 adversario
1073 1417 1266 1449 necesse
1318 1404 1456 1462 esset,
1508 1403 1771 1449 novissime

85 1476 152 1535 id,
193 1476 250 1522 de
291 1492 386 1536 quo
428 1476 768 1537 quaerebatur,
824 1476 1028 1523 inferret
1078 1480 1133 1523 ut
1185 1477 1344 1523 simile
1387 1477 1640 1524 concessis.
1699 1471 1773 1539 [id

90 1552 164 1598 est
201 1550 437 1597 inductio.
478 1550 569 1598 hoc
608 1552 661 1596 in
702 1551 923 1597 oratione
975 1550 1082 1597 fieri
1128 1566 1226 1596 non
1275 1553 1455 1610 potest,
1507 1550 1592 1598 sed
1643 1550 1772 1610 quod

0 1625 65 1673 iso
89 1624 194 1671 illic
232 1624 579 1687 interrogatur,
619 1625 698 1671 hic
738 1624 838 1671 fere
879 1619 1128 1688 sumitur]
1182 1624 1246 1671 sit
1284 1626 1440 1686 igitur
1484 1624 1574 1670 illa
1621 1623 1772 1671 inter-
1801 1623 1831 1668 4

87 1699 281 1760 rogatio
322 1699 462 1745 talis:
520 1695 671 1759 ‘quod
726 1702 797 1746 est
838 1715 1038 1760 pomum
1087 1696 1550 1761 generosissimum‘.>
1612 1714 1772 1745 nonne

90 1772 220 1833 quod
252 1768 546 1834 optimum‘?'
590 1772 895 1820 concedetur.
940 1768 1113 1833 equid‘.>
1155 1789 1306 1833 equus
1342 1774 1428 1833 qui
1460 1774 1772 1834 generosissi-

88 1845 233 1894 mus‘?
281 1862 441 1892 nonne
491 1848 575 1908 qui
615 1843 886 1907 optimus?'
941 1850 989 1893 et
1027 1847 1171 1907 plura
1211 1848 1263 1893 in
1304 1847 1512 1893 eundem
1558 1846 1771 1893 modum.

91 1919 279 1980 deinde,
319 1921 456 1967 cuius
496 1921 566 1967 rei
609 1923 770 1983 gratia
810 1923 1041 1983 rogatum
1081 1924 1175 1968 est:
1217 1916 1393 1982 ε(11111.)
1433 1921 1577 1968 1101110
1611 1937 1772 1968 11011110

21 2011 62 2044 25
87 1996 129 2042 is
177 1995 591 2058 generosissimus,
642 1996 726 2055 qui
774 1990 1044 2055 optimus?'
1099 1995 1356 2042 fatendum
1412 1997 1518 2042 erit.
1574 1995 1666 2042 hoc
1720 1997 1772 2041 in
1800 1996 1828 2039 5

87 2069 288 2115 testium
328 2069 714 2132 interrogatione
753 2070 888 2116 valet
925 2069 1209 2130 plurimum,
1248 2069 1301 2116 in
1341 2070 1561 2116 oratione
1600 2085 1772 2130 perpe-

86 2146 175 2189 tua
215 2142 454 2190 dissimile
495 2146 587 2190 est:
641 2147 725 2190 aut
782 2146 911 2191 enim
960 2144 1055 2190 sibi
1107 2145 1213 2204 ipse
1266 2142 1529 2203 respondet
1583 2146 1771 2190 orator:

91 2213 242 2278 ‘quod
279 2233 483 2278 pomum
530 2216 994 2279 generosissimum?
1047 2220 1168 2278 puto
1218 2218 1349 2279 quod
1404 2217 1665 2277 optimum:
1724 2220 1772 2264 et

89 2289 276 2351 equus?
332 2293 418 2352 qui
456 2292 814 2339 velocissimus:
853 2293 926 2338 ita
966 2292 1220 2339 hominum
1266 2307 1364 2339 non
1412 2293 1498 2352 qui
1544 2292 1771 2339 claritate

20 2382 64 2413 30
89 2364 333 2425 nascendi,
375 2365 459 2412 sed
498 2368 584 2427 qui
622 2367 807 2412 Virtute
845 2367 1057 2413 maxime
1099 2363 1318 2413 excellet'
1364 2382 1387 2406 2<
1431 2382 1456 2408 *
1498 2382 1524 2408 *

209 2526 262 2563 11
295 2521 364 2563 De
394 2521 484 2563 inv.
522 2527 558 2575 1,
594 2525 663 2574 30,
696 2525 751 2564 49

211 2659 231 2695 1
268 2654 457 2696 tertium
491 2656 561 2697 est
592 2669 634 2710 g.
668 2663 758 2697 BP
783 2657 787 2711 ξ
817 2654 1093 2698 adducenda
1110 2655 1217 2698 ΒΡ1
1341 2660 1362 2697 7
1396 2655 1583 2711 proprie
1608 2656 1773 2698 addidi

89 2714 141 2766 cf
168 2714 429 2756 fllinmian.
463 2714 568 2767 περὶ
602 2714 715 2770 ἐπιχ.
744 2729 780 2769 p
812 2718 912 2767 418,
947 2719 1000 2757 29
1036 2715 1110 2771 Sp.
1280 2718 1304 2756 8
1338 2716 1402 2772 et]
1437 2717 1507 2758 est·
1545 2722 1673 2756 ABP
1702 2718 1772 2758 est

89 2776 135 2814 et
169 2773 303 2816 Valla
327 2773 413 2815 edd
534 2777 587 2816 16
619 2775 673 2815 ut
696 2774 790 2817 add
813 2775 998 2818 Badius
1121 2778 1174 2816 18
1200 2774 1428 2817 concessis
1468 2774 1771 2817 Tar-neblaclh:

91 2831 371 2875 concessisse
399 2834 404 2888 Ι
431 2833 565 2875 verba
587 2833 673 2875 secl
699 2834 886 2876 Meister
1007 2838 1061 2874 22
1090 2834 1367 2876 concedetur
1391 2833 1639 2890 Spaldinq:
1665 2847 1769 2876 con-

90 2891 332 2933 cederetur
452 2895 506 2933 30
540 2892 682 2935 deesse
714 2893 935 2947 quaedam
966 2893 1144 2935 monuit
1174 2892 1400 2949 Spaldiny

179 2972 475 3011 vammnmvs
502 2973 560 3004 ed.
583 2973 945 3005 Radermacher.
974 2974 1004 3004 Ι.
1450 2969 1503 3008 18
