2007 3120
25 894 66 925 10

23 1264 63 1296 15

22 1636 64 1666 20

22 2005 62 2037 25

20 2376 63 2408 30

771 70 804 112 Ι.
855 75 894 124 1,
930 74 1117 114 15—25.
1427 132 1431 134 η
1727 70 1787 122 11

97 215 248 260 etiam
301 213 433 259 ultra
488 210 633 258 rudes
690 226 842 258 annos
896 209 1197 258 reformidet.
1270 210 1405 257 lusus
1461 210 1541 257 hie
1597 211 1683 269 sit,
1742 213 1790 257 et

94 288 298 349 rogetur
343 287 393 332 et
438 285 669 332 laudetur
715 287 764 331 et
810 301 1082 345 numquam
1127 300 1227 331 non
1274 285 1422 332 scisse
1471 299 1521 331 se
1561 284 1791 346 gaudeat,

96 359 362 421 aliquando
409 361 517 420 ipso
565 359 762 406 nolente
811 358 1045 406 doceatur
1084 358 1226 418 alius,
1275 359 1354 405 cui
1392 357 1630 417 invideat,
1678 372 1790 405 con-

93 433 267 482 tendat
296 433 497 480 interim
531 435 580 479 et
612 434 807 494 saepius
842 433 1037 479 vincere
1071 448 1121 479 se
1154 434 1319 493 putet:
1351 433 1586 493 praemiis
1622 433 1787 489 etiam,

95 523 222 570 quae
263 508 396 568 capit
434 507 523 553 illa
564 508 716 566 aetas,
757 510 1000 554 evocetur.

204 581 365 629 Parva
398 581 624 628 docemus
660 583 906 628 oratorem
937 580 1303 628 instituendum
1335 580 1557 641 professi,
1600 580 1685 627 sed
1716 583 1791 627 est
1817 590 1828 602 ·

93 671 183 703 sua
222 655 374 703 etiam
413 654 590 703 studiis
631 655 858 714 infantia,
912 657 962 702 et
1007 657 1064 701 ut
1111 670 1372 715 corporum
1418 670 1532 701 mox
1581 654 1791 701 fortissi-

92 745 284 777 morum
317 729 542 777 educatio
577 745 606 776 a
636 730 764 776 lacte
799 730 1036 790 cunisque
1068 729 1270 775 initium
1302 728 1453 787 ducit,
1485 728 1558 775 ita
1591 729 1789 775 futurus

91 805 528 865 eloquentissimus
571 802 725 850 edidit
757 802 1026 864 aliquando
1059 804 1288 865 vagitum
1321 805 1372 850 et
1402 803 1543 864 loqui
1575 803 1791 863 primum

91 877 280 925 incerta
326 893 443 925 voce
491 879 761 938 temptavit
808 880 857 924 et
896 878 1060 925 haesit
1100 879 1229 925 cirea
1268 877 1452 924 formas
1493 877 1788 925 litterarum..

90 967 180 999 nec
231 953 274 999 si
320 951 441 1013 quid
488 951 671 999 discere
720 952 842 999 satis
891 967 990 998 non
1037 954 1126 1010 est,
1177 951 1288 998 ideo
1337 967 1424 999 nec
1464 966 1659 999 necesse
1701 953 1788 998 est.

91 1025 270 1087 quodsi
306 1041 450 1073 nemo
482 1025 799 1087 reprehendit
830 1028 1039 1087 patrem,
1081 1027 1169 1086 qui
1200 1026 1320 1073 haee
1352 1041 1450 1072 non
1483 1025 1791 1088 neglegenda

90 1102 142 1146 in
183 1116 272 1148 suo
312 1099 416 1148 filio
457 1103 614 1161 putet,
665 1115 750 1147 cur
788 1099 1092 1161 inprobetur,
1141 1100 1183 1147 si
1225 1101 1334 1160 quis
1377 1115 1448 1159 ea,
1489 1115 1616 1161 quae
1657 1098 1790 1146 domi

89 1189 207 1222 suae
247 1176 379 1222 recte
419 1175 618 1234 faceret,
665 1175 717 1220 in
757 1174 1011 1235 publicum
1050 1173 1269 1236 promit?
1326 1178 1474 1235 atque
1517 1189 1572 1221 eo
1614 1174 1789 1236 magis,

90 1248 224 1310 quod
263 1249 457 1296 minora
496 1250 648 1296 etiam
687 1248 884 1296 facilius
925 1249 1137 1297 minores
1179 1247 1474 1310 percipiunt,
1516 1250 1565 1295 et
1597 1251 1654 1296 ut
1686 1264 1790 1295 cor-

89 1338 212 1384 pora
259 1322 322 1370 ad
369 1323 610 1384 quosdam
657 1322 990 1370 membrorum
1037 1322 1188 1370 flexus
1238 1323 1444 1370 formari
1483 1324 1580 1369 nisi
1619 1325 1789 1370 tenera

88 1412 188 1445 non
240 1400 471 1459 possunt,
534 1397 605 1445 sic
660 1399 850 1445 animos
907 1412 1102 1458 quoque
1158 1397 1221 1444 ad
1276 1398 1510 1458 pleraque
1567 1397 1790 1444 duriores

88 1471 239 1518 robur
270 1471 434 1533 ipsum
465 1471 600 1519 facit.
644 1488 707 1518 an
739 1472 998 1533 Philippus
1032 1471 1358 1518 Macedonum
1388 1487 1473 1519 rex
1505 1470 1789 1518 Alexandro
1816 1483 1827 1493 “

88 1545 209 1593 filio
246 1561 335 1594 suo
391 1546 552 1607 prima
602 1547 884 1593 litterarum
937 1547 1181 1593 elementa
1230 1545 1364 1593 tradi
1411 1545 1471 1593 ab
1520 1545 1788 1593 Aristotele

88 1635 281 1667 summo
334 1622 437 1667 eius
489 1622 668 1668 aetatis
720 1620 1013 1682 philosopho
1066 1620 1316 1680 voluisset,
1371 1623 1458 1667 aut
1506 1620 1589 1666 ille
1630 1634 1789 1667 susce-

89 1695 245 1755 pisset
290 1694 380 1741 hoc
430 1693 663 1752 officium,
712 1697 754 1742 si
800 1711 899 1741 non
939 1695 1218 1742 studiorum
1257 1695 1405 1741 initia
1445 1696 1495 1741 et
1535 1709 1564 1740 a
1603 1694 1788 1755 perfec-

87 1769 279 1816 tissimo
329 1784 522 1830 quoque
572 1770 756 1830 optime
805 1771 1011 1816 tractari
1065 1773 1113 1815 et
1154 1770 1400 1829 pertinere
1444 1768 1505 1814 ad
1545 1784 1790 1816 summam

88 1840 409 1890 credidisset?
478 1842 725 1906 fingamus
774 1843 931 1906 igitur
972 1843 1309 1891 Alexandrum
1357 1843 1466 1889 dari
1506 1842 1661 1902 nobis,
1710 1843 1782 1889 in·
1817 1853 1827 1865 “

88 1918 307 1978 positum
346 1916 549 1980 gremio,
590 1917 795 1980 dignum
838 1920 977 1964 tanta
1017 1933 1135 1964 cura
1175 1917 1419 1964 infantem
1461 1910 1790 1982 (quamquam

87 2005 204 2038 suus
243 1990 421 2052 cuique
462 1990 638 2054 dignus
679 1986 798 2056 est):
839 1992 1086 2052 pudeatne
1126 2008 1203 2039 me
1244 1992 1295 2037 in
1336 1993 1456 2053 ipsis
1489 1991 1662 2038 statim
1695 1992 1788 2038 ele-

87 2065 267 2113 mentis
307 2064 459 2112 etiam
499 2065 667 2113 brevia
698 2065 906 2114 docendi
939 2068 1214 2113 monstrare
1248 2064 1573 2127 compendia?
1629 2081 1789 2127 neque

88 2140 219 2187 enim
252 2139 376 2186 mihi
406 2139 533 2187 illud
564 2140 744 2188 saltem
774 2141 954 2201 placet,
989 2139 1118 2202 quod
1152 2140 1260 2187 fieri
1292 2140 1343 2186 in
1377 2140 1604 2202 plurimis
1630 2139 1791 2199 video,

87 2216 146 2260 ut
194 2213 477 2261 litterarum
527 2216 730 2261 nomina
781 2218 831 2262 et
883 2217 1167 2262 contextum
1219 2214 1357 2276 prius
1405 2229 1556 2276 quam
1604 2214 1789 2262 formas

86 2287 285 2348 parvuli
325 2287 530 2335 discant.
602 2288 768 2336 obstat
819 2289 910 2337 hoe
958 2289 1203 2352 agnitioni
1251 2304 1434 2348 earum,
1481 2305 1579 2336 non
1627 2290 1787 2336 inten-

87 2361 317 2409 dentibus
356 2377 469 2409 mox
510 2364 730 2410 animum
772 2363 834 2410 ad
866 2364 998 2425 ipsos
1031 2363 1225 2423 ductus,
1267 2363 1384 2410 dum
1417 2362 1789 2410 antecedentem

87 2436 377 2485 memoriam
427 2439 671 2484 secuntur.
744 2453 868 2499 quae
921 2453 1069 2485 causa
1121 2440 1194 2485 est
1246 2436 1678 2499 praecipientibus,
1732 2439 1786 2483 ut

87 2511 254 2570 etiam,
287 2525 398 2557 cum
430 2510 551 2558 satis
584 2511 810 2559 adfixisse
845 2528 926 2560 eas
958 2513 1123 2573 pueris
1157 2514 1289 2559 recto
1317 2512 1416 2571 illo,
1451 2527 1546 2572 quo
1571 2512 1788 2573 primum

88 2583 238 2631 scribi
291 2584 465 2644 solent,
522 2589 754 2633 contextu
810 2585 1057 2646 videntur,
1113 2589 1243 2633 retro
1302 2590 1452 2649 agant
1512 2601 1681 2633 rursus
1737 2588 1787 2632 et

91 2659 228 2705 varia
258 2660 624 2719 permutatione
658 2660 873 2720 turbent,
906 2660 1059 2708 donec
1092 2661 1286 2708 litteras
1321 2662 1407 2721 qui
1439 2661 1787 2716 instituuntur,

207 2838 231 2873 2
264 2831 405 2875 scisse
442 2841 525 2875 1¹³1
597 2845 738 2875 :sisse
771 2838 937 2882 ABJJI
1039 2836 1091 2873 22
1126 2833 1330 2888 quoque]
1366 2846 1496 2874 orum
1532 2831 1590 2872 ,1¹
1624 2830 1788 2872 'norum

89 2888 151 2930 A²
178 2895 327 2934 ortum
357 2906 413 2936 ex
444 2905 492 2936 eo
524 2892 645 2947 quod
678 2891 902 2935 antecedit
933 2891 1214 2933 studi-orum
