2055 3130
573 69 626 112 Π.
663 73 731 123 18,
765 73 804 112 5.
841 73 909 123 19,
945 73 1071 111 1—3.
1106 74 1176 122 20,
1212 74 1338 112 1—7.
1702 69 1803 119 121

121 210 225 258 31116
264 209 460 270 litteris,
502 225 598 270 qua
637 210 716 257 vel
746 208 1055 270 impudentia
1087 209 1165 256 vel
1197 209 1351 256 fames
1378 208 1531 270 duxit,
1570 201 1807 274 ruentes),

122 286 210 331 aut
247 284 433 330 malam
465 283 607 345 quasi
647 284 820 342 artem,
861 298 1012 344 quam
1058 281 1371 345 κακοτεχνίαν
1421 281 1644 329 dicimus.
1692 298 1808 328 nam

122 360 171 405 et
209 358 360 405 fuisse
398 358 580 404 multos
622 360 670 404 et
710 372 812 404 esse
851 357 1114 404 nonnullos
1163 357 1404 418 existimo,
1462 358 1550 416 qui
1600 357 1807 402 faculta-

122 435 222 480 tem
241 432 433 479 dicendi
450 431 511 477 ad
527 431 782 478 hominum
799 430 1065 492 perniciem
1083 430 1425 478 converterint.
1467 429 1801 493 ματαιοτεχνία

77 528 95 559 5
125 522 320 567 quoque
369 507 442 552 est
490 505 755 566 quaedam,
809 505 860 550 id
917 509 990 552 est
1044 520 1348 566 supervacua
1400 506 1519 551 artis
1573 505 1807 563 imitatio,

120 596 248 642 quae
288 579 413 626 nihil
453 594 570 626 sane
608 595 767 639 neque
799 579 916 626 boni
948 595 1106 639 neque
1131 579 1253 625 mali
1276 578 1471 637 habeat,
1512 579 1597 626 sed
1621 594 1807 625 vanum

119 654 351 714 laborem,
393 654 554 714 qualis
601 653 737 700 illius
792 653 903 713 fuit,
959 655 1046 714 qui
1096 669 1252 715 grana
1307 653 1478 699 ciceris
1535 668 1592 699 ex
1643 654 1805 713 spatio

121 729 335 776 distante
374 727 525 774 missa
566 728 618 773 in
658 743 799 774 acum
840 729 1072 774 continuo
1115 730 1164 774 et
1214 728 1319 774 sine
1365 727 1685 773 frustratione
1732 728 1804 773 in—

120 801 334 862 serebat,
387 818 529 861 quem
572 818 681 848 cum
721 803 992 862 spectasset
1029 801 1323 859 Alexander,
1371 801 1576 848 donasse
1625 801 1805 848 dicitur

52 896 94 928 10
119 875 335 923 eiusdem
386 876 650 938 leguminis
700 875 881 935 modio,
953 876 1084 936 quod
1143 876 1343 936 quidem
1388 877 1665 936 praemium
1711 876 1809 921 fuit

117 951 205 997 1110
245 965 390 1011 opere
423 950 784 1012 dignissimum.
824 949 901 997 his
934 965 1023 1013 ego
1058 949 1414 1010 comparandos
1449 949 1690 1009 existimo,
1725 949 1807 1010 qui

117 1027 168 1071 in
202 1023 660 1084 declamationibus,
702 1039 824 1084 quas
858 1038 959 1072 esse
994 1025 1196 1071 veritati
1229 1024 1585 1071 dissimillimas
1617 1024 1806 1083 volunt,

118 1100 331 1146 aetatem
371 1099 528 1145 multo
570 1098 732 1145 studio
774 1113 831 1146 ac
869 1098 1038 1145 labore
1090 1100 1394 1145 consumunt.
1451 1114 1622 1145 verum
1673 1098 1808 1158 haec,

118 1189 266 1234 quam
305 1173 566 1220 instituere
608 1188 842 1219 conamur
890 1176 937 1219 et
985 1174 1121 1220 6111113
1169 1173 1438 1236 imaginem
1485 1172 1648 1219 animo
1697 1188 1808 1219 con-

51 1266 92 1299 15
119 1248 351 1308 cepimus,
393 1262 519 1307 quae
557 1247 685 1294 bono
726 1248 833 1294 viro
875 1248 1106 1294 convenit
1147 1263 1368 1307 quaeque
1418 1249 1490 1294 est
1540 1262 1653 1293 vere
1699 1247 1806 1293 rhe-

116 1322 286 1381 torice,
325 1321 483 1368 virtus
525 1321 629 1368 erit.
673 1321 804 1382 quod
842 1322 1128 1383 philosophi
1153 1321 1351 1382 quidem
1376 1321 1548 1368 multis
1575 1323 1624 1368 et
1649 1323 1806 1369 acutis

119 1395 514 1443 conclusionibus
571 1396 827 1459 colligunt,
881 1396 1005 1442 mihi
1059 1411 1175 1443 vero
1232 1397 1384 1443 etiam
1437 1395 1662 1456 planiore
1716 1396 1808 1442 hac

117 1469 412 1532 proprieque
452 1472 623 1517 nostra
661 1469 954 1530 probatione
994 1470 1191 1516 Videt-ur
1232 1485 1335 1517 6336
1374 1470 1704 1531 perspicuum.

229 1544 307 1591 Ab
347 1544 448 1591 illis
487 1543 607 1592 haec
641 1544 885 1591 dicuntur.
928 1545 970 1592 si
1002 1560 1268 1592 consonare
1295 1543 1387 1592 sibi
1411 1546 1465 1590 in
1489 1544 1726 1592 faciendis
1753 1559 1809 1591 ac

52 1638 93 1669 20
117 1635 216 1665 non
254 1618 492 1665 faciendis
532 1619 691 1666 virtus
732 1622 806 1665 est
847 1612 995 1684 (quae
1043 1634 1158 1680 pars
1200 1619 1304 1665 eius
1351 1619 1616 1679 prudentia
1665 1634 1809 1666 voca-

117 1686 237 1758 tur),
278 1693 448 1740 eadem
479 1694 530 1739 in
557 1692 774 1740 dicendis
816 1709 872 1740 ac
910 1709 1010 1739 non
1043 1692 1260 1740 dicendis
1295 1694 1401 1739 erit.
1443 1695 1493 1740 et
1524 1694 1567 1740 si
1598 1694 1808 1740 virtutes

118 1773 247 1827 sunt,
287 1767 350 1813 ad
392 1783 513 1827 quas
554 1767 709 1827 nobis,
758 1767 911 1814 etiam
951 1769 1065 1814 ante
1116 1783 1265 1828 quam
1313 1767 1611 1826 doceremur,
1662 1769 1810 1814 initia

118 1841 362 1903 quaedam
404 1857 460 1888 ac
501 1842 689 1888 semina
722 1845 836 1888 sunt
869 1857 1098 1889 concessa
1129 1844 1322 1902 natura,
1363 1844 1419 1888 ut
1452 1842 1510 1888 ad
1546 1842 1808 1902 iustitiam,

119 1916 258 1963 cuius
297 1915 495 1963 rusticis
538 1932 731 1977 quoque
781 1932 836 1964 ac
882 1916 1106 1963 barbaris
1156 1919 1364 1978 apparet
1411 1916 1581 1978 aliqua
1627 1917 1809 1978 imago,

52 2007 92 2039 25
117 2006 206 2037 nos
248 1993 378 2037 certe
419 1991 489 2037 sic
529 2006 630 2038 6336
675 1990 734 2037 ab
776 1990 920 2037 1111110
961 1990 1216 2050 formatos,
1266 1993 1323 2037 ut
1368 2006 1622 2052 possemus
1670 2006 1810 2037 orare

117 2080 206 2125 pro
245 2064 387 2112 bonis
428 2064 623 2111 etiamsi
662 2080 762 2112 non
799 2065 1030 2126 perfecte,
1080 2067 1248 2112 tamen
1295 2067 1351 2111 ut
1396 2066 1615 2112 inessent
1663 2081 1808 2125 quae-

118 2138 246 2198 dam,
286 2141 341 2184 ut
382 2138 498 2197 dixi,
539 2140 728 2186 semina
767 2139 871 2186 eius
910 2139 1183 2199 facultatis,
1222 2140 1542 2186 manifestum
1583 2141 1670 2186 est.
1710 2155 1810 2186 non

118 2213 288 2259 eadem
330 2215 494 2260 autem
534 2213 611 2260 his
651 2216 832 2260 natura
872 2213 1062 2261 artibus
1104 2216 1193 2273 est,
1235 2230 1358 2274 quae
1401 2230 1427 2259 a
1467 2215 1653 2260 virtute
1694 2217 1810 2261 sunt

116 2289 347 2333 remotae.
410 2288 581 2348 itaque
637 2303 747 2336 cum
803 2287 898 2335 duo
952 2289 1052 2335 sint
1106 2304 1287 2350 genera
1341 2288 1596 2348 orationis,
1653 2288 1810 2335 altera

53 2379 94 2410 30
117 2363 430 2423 perpetua,
473 2378 599 2423 quae
638 2362 943 2410 rhetorice
976 2362 1172 2422 dicitur,
1214 2362 1371 2409 altera
1396 2363 1648 2422 concisa,
1680 2377 1808 2423 quae

119 2435 463 2495 dialectice,
515 2451 636 2497 quas
678 2436 876 2497 quidem
925 2437 1054 2483 Zeno
1097 2437 1217 2484 adeo
1267 2438 1534 2497 coniunxit,
1581 2438 1638 2483 ut
1684 2436 1810 2484 hanc

119 2524 408 2570 conpressae
459 2510 512 2556 in
565 2528 788 2572 pugnum
839 2527 1029 2571 manus,
1098 2511 1240 2558 illam
1295 2511 1570 2572 explicatae
1625 2511 1811 2558 diceret

239 2626 291 2664 31
324 2622 411 2679 frg.
449 2627 502 2665 75
535 2623 699 2665 Arnim

239 2730 265 2768 8
298 2726 502 2768 distante
534 2734 623 2769 BP
661 2727 718 2770 Vt
741 2741 778 2782 p
809 2731 911 2781 445,
944 2731 1022 2770 41:
1071 2726 1269 2770 distanti
1300 2735 1337 2768 A
1366 2729 1371 2782 Ι
1399 2726 1449 2768 in
1490 2740 1686 2770 acumen
1728 2726 1808 2768 ad-

118 2798 302 2827 versum
334 2800 366 2828 3.
409 2786 467 2829 Vt
619 2791 670 2828 11
704 2786 778 2829 his
802 2794 946 2830 ABP:
972 2787 1083 2829 huic
1117 2788 1174 2830 Vt
1200 2801 1237 2842 p
1265 2791 1364 2838 446,
1401 2792 1422 2829 1
1616 2791 1669 2828 15
1702 2798 1810 2828 vera

119 2851 209 2885 BP
297 2849 352 2887 20
383 2843 531 2888 virtus
556 2845 607 2898 A,
625 2853 699 2896 By
722 2847 773 2888 in
796 2847 1025 2902 maryine:
1056 2845 1244 2889 virtutis
1267 2853 1357 2888 BP
1453 2850 1508 2888 26
1540 2845 1676 2887 bonis
1700 2852 1806 2887 BP:

121 2903 256 2946 nobis
288 2912 326 2945 A
448 2909 502 2946 32
537 2904 798 2960 explicatae
823 2913 861 2946 A
885 2918 964 2948 exc
1005 2905 1127 2949 Cass.
1155 2920 1190 2961 p
1217 2909 1316 2958 501,
1338 2909 1416 2947 ⁶26:
1448 2904 1699 2960 explicitae
1723 2911 1814 2946 BP
