2055 3130
27 896 68 927 10

28 1266 67 1297 15

28 1637 70 1667 ‘20

27 2006 68 2039 25

755 69 830 112 ΠΙ.
868 72 906 123 7,
940 73 1098 112 5—18.
1671 67 1771 119 161

92 213 340 274 roburque
379 211 725 273 prosequimur
763 209 946 255 honore
998 207 1282 267 verborum,
1332 210 1389 254 ut
1434 207 1678 254 Homerus
1726 208 1778 253 in

92 288 461 351 Agamemnone
518 287 664 345 atque
705 282 912 342 Achille,
965 282 1164 329 interim
1222 282 1411 328 confert
1462 280 1781 328 admirationi

94 362 307 408 multum
348 359 497 406 etiam
543 357 821 416 infirmitas,
871 358 931 402 ut
978 370 1087 402 curn
1140 357 1273 402 idem
1327 355 1496 415 Tydea
1556 370 1780 416 parvum,

93 435 178 482 sed
217 434 509 481 bellatorem
547 431 669 478 dicit
707 430 870 477 fuisse.
919 430 1119 477 fortuna
1165 445 1281 476 vero
1330 431 1437 475 tum
1483 429 1781 491 dignitatem
1806 427 1868 471 13

96 509 270 567 adfert,
322 510 379 554 ut
425 507 476 552 in
529 505 728 568 regibus
782 503 1187 565 principibusque
1243 501 1476 565 (namque
1533 505 1607 549 est
1658 502 1780 549 haec

92 582 304 629 materia
342 579 671 628 ostendendae
726 578 927 625 virtutis
981 571 1217 643 uberior),
1264 580 1372 624 tum
1421 593 1516 638 quo
1565 578 1780 623 minores

93 671 208 717 opes
271 656 488 713 fuerunt,
568 654 806 700 maiorem
873 651 1142 699 benefactis
1198 651 1409 715 gloriam
1479 652 1625 712 parit.
1697 650 1781 698 sed

93 731 276 791 omnia,
319 744 444 790 quae
484 730 623 775 extra
661 742 749 774 nos
782 727 910 773 bona
943 728 1058 773 sunt
1091 741 1313 786 quaeque
1338 724 1619 772 hominibus
1652 725 1780 771 forte

94 805 394 867 optigerunt,
441 818 540 849 non
585 801 696 848 ideo
750 801 1033 863 laudantur,
1090 800 1220 860 quod
1273 799 1503 846 habuerit
1549 799 1659 860 quis
1708 814 1780 859 ea,

93 878 177 925 sed
217 877 349 938 quod
387 877 447 923 iis
487 877 690 923 honeste
742 876 807 922 sit
855 890 985 921 usus.
1040 889 1156 920 nam
1205 873 1408 920 divitiae
1459 875 1509 920 et
1555 873 1780 934 potentia
1808 869 1871 914 14

94 954 143 998 et
182 953 358 1014 gratia,
399 967 508 998 cum
540 951 810 1011 plurimum
840 950 1023 995 virium
1056 948 1187 1007 dent,
1226 950 1278 994 in
1302 949 1564 1008 utramque
1588 950 1783 1008 partem

94 1027 422 1073 certissimum
461 1025 653 1071 faciunt
693 1039 884 1070 morum
925 1023 1336 1084 experimentum:
1378 1025 1465 1069 aut
1504 1022 1636 1069 enim
1682 1038 1781 1067 me-

93 1100 238 1147 liores
277 1101 481 1161 propter
519 1099 639 1145 haec
680 1100 767 1144 aut
805 1097 994 1158 peiores
1036 1112 1215 1143 sumus.
1259 1097 1412 1143 animi
1443 1112 1636 1157 semper
1666 1112 1783 1143 vera
1809 1094 1870 1137 15

92 1175 218 1233 laus,
259 1173 342 1221 sed
381 1189 479 1219 non
518 1189 618 1219 una
655 1188 744 1233 per
781 1171 872 1218 hoc
905 1186 1027 1231 opus
1060 1171 1142 1217 via
1169 1170 1377 1217 ducitur.
1419 1186 1633 1231 namque
1658 1170 1782 1217 alias

95 1248 273 1295 aetatis
315 1248 496 1309 gradus
537 1249 888 1310 gestarumque
927 1262 1092 1292 rerum
1139 1244 1361 1292 ordinem
1408 1246 1548 1305 sequi
1597 1245 1783 1304 specio-

95 1322 195 1369 sius
234 1322 345 1380 fuit,
400 1325 456 1367 ut
495 1322 547 1367 ‘m
586 1321 760 1382 primis
802 1321 943 1367 annis
982 1319 1273 1366 laudaretur
1310 1319 1516 1374 indoles,
1561 1321 1671 1365 tum
1711 1318 1781 1364 di-

95 1396 348 1457 sciplinae,
388 1397 503 1456 post
540 1395 632 1442 hoc
672 1410 876 1455 operum
931 1393 983 1439 id
1030 1396 1104 1441 est
1158 1393 1403 1440 factorum
1442 1393 1782 1453 dictorumque

96 1473 366 1531 contextus,
410 1469 533 1516 alias
573 1470 625 1516 in
658 1470 842 1530 species
874 1469 1120 1516 virtutum
1152 1467 1371 1515 dividere
1396 1467 1609 1527 laudem,
1641 1467 1784 1514 forti-

94 1544 298 1606 tudinis,
344 1545 587 1604 iustitiae,
644 1544 976 1590 continentiae
1024 1544 1412 1604 ceterarumque,
1467 1557 1525 1589 ac
1572 1541 1783 1604 singulis

96 1618 373 1681 adsignare,
427 1634 551 1678 quae
600 1617 864 1664 secundum
915 1632 1159 1678 quamque
1209 1632 1377 1664 earum
1431 1618 1572 1678 gesta
1626 1618 1783 1663 erunt.

95 1695 209 1740 utra
249 1694 314 1739 sit
354 1695 519 1739 autem
550 1692 728 1738 harum
766 1691 850 1738 via
887 1691 1076 1751 utilior,
1128 1706 1241 1737 cum
1286 1691 1497 1737 materia
1545 1690 1783 1737 delibera-
1812 1687 1872 1730 16

96 1767 274 1826 bimus,
314 1766 432 1812 dum
472 1766 682 1813 sciamus
723 1765 944 1827 gratiora
985 1780 1087 1812 esse
1121 1764 1451 1824 audientibus,
1492 1780 1617 1825 quae
1652 1765 1784 1812 solus

97 1843 207 1903 quis
263 1843 350 1887 aut
404 1841 592 1902 primus
650 1842 738 1886 aut
792 1842 921 1887 certe
978 1855 1089 1886 cum
1142 1839 1312 1900 paucis
1360 1839 1533 1886 fecisse
1582 1838 1785 1899 dicetur,

96 1917 139 1963 si
179 1914 296 1976 quid
334 1917 591 1975 praeterea
625 1929 773 1974 supra
799 1930 936 1975 spem
962 1916 1048 1960 aut
1074 1913 1479 1974 expectationem,
1518 1912 1782 1973 praecipue

95 1989 226 2050 quod
265 1989 425 2036 aliena
464 1991 631 2049 potius
672 2003 821 2036 causa
862 2004 1011 2049 quam
1050 2004 1151 2034 sua.
1203 1990 1412 2048 tempus,
1454 1988 1585 2048 quod
1630 1986 1779 2034 finem
1806 1984 1864 2027 17

95 2064 308 2110 hominis
347 2063 649 2124 insequitur,
703 2078 800 2109 non
853 2078 1044 2123 semper
1097 2064 1313 2109 tractare
1369 2061 1634 2124 contingit:
1686 2077 1784 2108 non

98 2138 272 2197 solum,
314 2137 444 2199 quod
482 2138 704 2184 viventes
745 2137 1014 2198 aliquando
1054 2136 1328 2195 laudamus,
1377 2136 1462 2183 sed
1502 2136 1632 2197 quod.
1670 2151 1785 2182 rara

97 2212 219 2259 haec
259 2213 449 2259 occasio
491 2218 577 2270 est,
618 2216 673 2258 ut
711 2212 885 2258 referri
922 2212 1117 2272 possint
1164 2211 1322 2258 divini
1360 2210 1568 2257 honores
1610 2212 1659 2257 et
1705 2209 1784 2256 de-

101 2289 234 2333 creta
275 2289 324 2333 et
362 2285 555 2347 publice
604 2288 800 2332 statuae
848 2287 1158 2333 constitutae.
1205 2284 1336 2332 inter
1383 2300 1509 2346 quae
1556 2299 1784 2330 numera·
1812 2279 1875 2323 18

32 2377 75 2409 30
99 2360 256 2407 verim
294 2360 606 2422 ingeniorum
647 2363 981 2419 monumenta,
1023 2375 1147 2421 quae
1188 2359 1396 2407 saeculis
1436 2358 1785 2420 probarentur,

99 2450 215 2481 nam
268 2434 470 2495 quidam
517 2435 643 2481 sicut
689 2433 959 2481 Menander
1011 2434 1220 2480 iustiora
1277 2436 1588 2494 posterorum
1637 2449 1787 2494 quam

220 2611 242 2647 1
274 2604 326 2648 11.
362 2610 400 2658 2,
435 2609 519 2648 47¹7
554 2632 610 2636 —
646 2610 670 2647 2
704 2605 765 2648 ib.
800 2610 840 2658 ε),
876 2609 960 2648 180
993 2631 1049 2636 —
1083 2610 1108 2647 3
1141 2604 1202 2649 ib.
1240 2609 1279 2659 5,
1314 2608 1397 2647 801

220 2773 245 2810 2
280 2771 327 2811 et
357 2768 546 2811 interim
577 2776 614 2810 A
768 2773 789 2811 7
826 2782 879 2811 eo
910 2768 1136 2812 maiorem
1168 2776 1213 2810 P
1359 2772 1384 2810 8
1417 2767 1540 2812 bona
1571 2775 1629 2811 A:
1665 2767 1786 2809 dona

101 2835 191 2870 BP
287 2832 341 2870 10
373 2841 484 2870 nam
515 2836 615 2871 AP:
648 2842 743 2870 non
773 2836 818 2870 B
917 2833 971 2870 14
1005 2827 1218 2870 ducimur
1249 2828 1483 2871 Francius
1581 2830 1636 2868 28
1669 2828 1784 2869 tem-

101 2899 214 2942 pore
244 2886 406 2929 referri
437 2895 507 2928 bT
623 2891 676 2929 31
710 2887 1021 2942 posteriorum
1051 2895 1089 2930 A

191 2968 487 3010 varnnmvs
512 2969 568 3000 ed.
592 2969 955 3001 Radermacher.
1001 2970 1032 3000 Ι.
1465 2965 1517 3001 11
