2055 3130
247 66 352 117 142
738 65 1112 118 QVINTILIANI
1140 67 1290 112 INST.
1325 68 1419 112 ΟΒ.

247 204 363 265 quid
402 206 568 251 tamen
608 204 671 251 ad
709 220 949 252 summam
989 221 1161 253 causae
1210 207 1509 254 conferentes
1548 208 1685 256 velut
1730 209 1914 256 auxilia

247 278 512 338 quaedam:
552 294 647 338 quo
685 278 742 324 fit
779 281 836 325 ut
867 279 918 325 in
943 281 1274 326 controversia
1296 296 1394 326 una
1418 281 1580 341 plures
1606 282 1913 342 quaestiones

193 350 220 393 S
247 366 348 398 esse
388 351 628 398 dicantur.
667 352 842 398 harum
879 368 1024 412 porro
1063 353 1349 413 plerumque
1396 353 1646 400 levissima
1693 370 1912 415 quaeque

245 424 403 485 primo
442 424 549 471 loco
589 424 825 485 fungitur.
865 440 1074 486 namque
1115 428 1164 472 et
1201 425 1328 472 illud
1364 427 1590 487 frequens
1630 429 1716 486 est,
1753 430 1811 474 ut
1842 444 1914 487 ea,

248 497 422 557 quibus
461 499 623 544 minus
664 497 963 557 confidimus,
1018 514 1127 545 cum
1164 501 1379 546 tractata
1430 502 1557 559 sunt,
1613 501 1912 560 omittamus,

244 571 442 616 interim
474 573 646 630 sponte
685 574 854 617 nostra
893 571 1029 618 velut
1060 571 1311 631 donantes,
1349 573 1546 619 interim
1585 573 1648 620 ad
1687 589 1759 633 ea,
1790 589 1914 634 quae

189 643 218 684 9
245 645 360 690 sunt
397 645 692 703 potentiora,
743 645 949 705 gradum
989 660 1045 691 ex
1091 645 1166 692 his
1213 645 1384 692 fecisse
1431 647 1660 694 contenti.
1709 647 1915 707 simplex

246 719 409 763 autem
449 732 610 776 causa,
650 718 846 765 etiamsi
882 719 1017 764 varie
1058 718 1349 778 defenditur,
1399 735 1497 765 non
1535 721 1698 779 potest
1735 720 1914 767 habere

245 790 356 851 plus
394 805 507 849 uno,
562 790 619 836 de
661 806 756 850 quo
806 793 1165 851 pronuntietur,
1217 795 1363 852 atque
1413 791 1525 839 inde
1577 793 1668 839 erit
1718 795 1913 841 status

245 878 484 922 causae,
540 863 669 924 quod
720 866 769 910 et
819 866 984 910 orator
1037 865 1297 926 praecipue
1349 864 1443 912 sibi
1497 866 1816 926 optinendum
1866 869 1915 913 et

244 936 389 982 iudex
429 936 748 998 spectandum
786 937 995 984 maxime
1041 939 1305 1000 intellegit,
1352 940 1405 985 in
1454 940 1545 985 hoc
1592 941 1721 986 enim
1767 955 1915 987 causa

157 1008 220 1052 10
247 1010 491 1056 consistet.
533 1013 748 1057 ceterum
789 1012 1131 1071 quaestionum
1169 1015 1377 1072 possunt
1417 1027 1517 1059 esse
1551 1012 1744 1059 diversi.
1785 1013 1915 1074 quod

243 1086 299 1129 ut
337 1083 624 1131 brevissimo
671 1086 842 1144 pateat
893 1085 1125 1145 exemplo,
1178 1101 1288 1132 cum
1335 1086 1455 1132 dicit
1501 1101 1610 1132 reus
1660 1082 1827 1132 ‘etiam
1874 1088 1915 1132 si

243 1157 351 1215 feci,
390 1160 520 1203 recte
558 1153 686 1217 seci',
736 1158 991 1217 qualitatis
1030 1159 1189 1205 utitur
1239 1161 1394 1205 statu:
1446 1174 1553 1206 cum
1606 1159 1757 1206 adicit
1811 1155 1915 1206 ‘sed

243 1245 339 1276 non
382 1227 508 1288 feci',
548 1231 875 1277 coniecturam
914 1235 1092 1278 movet.
1148 1247 1338 1292 semper
1387 1236 1553 1278 autem
1602 1232 1789 1279 firmius
1841 1236 1915 1280 est

244 1319 342 1350 non
381 1304 564 1363 fecisse,
602 1303 809 1364 ideoque
847 1305 899 1350 in
939 1320 993 1351 eo
1033 1307 1218 1351 statum
1257 1320 1359 1352 esse
1397 1305 1641 1365 iudicabo,
1681 1305 1812 1366 quod
1843 1305 1913 1352 di-

158 1375 216 1418 11
246 1392 415 1436 cerem,
456 1379 498 1423 si
535 1378 657 1423 mihi
695 1378 806 1438 plus
847 1393 994 1438 quam
1031 1394 1184 1424 unum
1223 1378 1381 1425 dicere
1420 1394 1517 1425 non
1557 1379 1736 1426 liceret.
1784 1382 1914 1426 recte

243 1452 398 1512 igitur
437 1454 510 1496 est
550 1451 801 1511 appellata
840 1466 1097 1498 causarum
1136 1453 1295 1512 prima
1334 1452 1592 1511 conflictio,
1631 1468 1728 1499 non
1769 1458 1927 1513 quae-‘

244 1525 470 1570 stionum.
512 1540 628 1571 nam
667 1527 715 1570 et
753 1540 842 1584 pro
883 1525 1083 1572 Rabirio
1124 1524 1358 1572 Postumo
1386 1524 1551 1572 Cicero
1583 1527 1743 1586 prima
1773 1528 1914 1586 parte

244 1598 480 1644 orationis
520 1599 572 1643 in
610 1597 701 1644 hoc
739 1598 967 1657 intendit,
1005 1601 1061 1644 ut
1101 1598 1342 1645 actionem
1382 1602 1652 1660 competere
1690 1602 1743 1645 in
1782 1601 1914 1660 equi-

244 1674 341 1717 tem
381 1671 657 1717 Romanum
697 1675 855 1734 neget,
903 1672 1114 1718 secunda
1159 1673 1346 1718 nullam
1392 1673 1455 1718 ad
1500 1689 1609 1719 eum
1656 1675 1914 1732 pecuniam

244 1746 519 1805 pervenisse
560 1744 828 1792 confirmat.
885 1747 1068 1792 statum
1108 1749 1272 1792 tamen
1326 1747 1377 1791 in
1433 1761 1487 1792 eo
1539 1746 1700 1792 dicam
1750 1747 1914 1805 fuisse,

157 1815 217 1858 12
244 1818 374 1878 quod
425 1820 498 1864 est
545 1820 808 1878 potentius
863 1834 950 1865 nec
999 1820 1046 1864 in
1105 1834 1251 1866 causa
1299 1819 1498 1867 Milonis
1549 1820 1677 1866 circa
1729 1821 1914 1881 primas

246 1893 568 1951 quaestiones,
618 1907 740 1952 quae
792 1895 905 1938 sunt
958 1889 1066 1938 ἀντὶ
1116 1892 1376 1953 προοιμίου
1427 1893 1633 1954 positae,
1685 1893 1913 1940 iudicabo

245 1964 515 2012 conflixisse
557 1980 766 2024 causam,
808 1965 891 2012 sed
928 1966 1013 2012 ubi
1052 1967 1170 2013 totis
1202 1966 1388 2013 viribus
1420 1967 1681 2013 insidiator
1714 1965 1912 2013 Clodius

243 2037 448 2098 ideoque
486 2040 590 2084 iure
631 2039 915 2086 interfectus
956 2040 1243 2086 ostenditur.
1285 2042 1334 2086 et
1371 2040 1461 2087 hoc
1502 2042 1589 2098 est,
1630 2039 1762 2100 quod
1800 2042 1914 2086 ante

246 2113 410 2157 omnia
450 2113 742 2158 constituere
781 2114 832 2158 in
885 2114 1047 2159 animo
1096 2129 1181 2160 suo
1231 2113 1406 2160 debeat
1453 2115 1631 2172 orator,
1678 2113 1825 2159 etiam
1873 2115 1915 2160 si

244 2200 331 2245 pro
372 2200 518 2231 causa
557 2185 701 2245 plura
741 2186 957 2233 dicturus
997 2189 1084 2243 est,
1135 2186 1251 2247 quid
1290 2189 1498 2233 maxime
1538 2187 1723 2247 liquere
1762 2186 1914 2233 iudici

243 2258 375 2304 velit.
419 2258 547 2318 quod
585 2261 748 2305 tamen
789 2262 845 2305 ut
882 2261 1095 2319 primum
1135 2260 1464 2322 cogitandum,
1502 2261 1575 2307 ita
1613 2275 1710 2306 non
1741 2260 1913 2320 utique

243 2334 457 2392 primum
497 2331 754 2379 dicendum
795 2333 898 2379 erit.

362 2477 385 2513 ‘2
418 2474 471 2513 ut
515 2472 823 2514 controversia
862 2481 897 2513 A
1052 2478 1072 2515 7
1107 2473 1165 2515 iis
1198 2480 1242 2514 B
1392 2477 1445 2514 10
1483 2473 1786 2528 optinendum
1824 2481 1911 2514 Ab:

243 2530 570 2585 opponendum
585 2531 689 2572 BP¹
705 2531 1055 2586 proponendum
1073 2530 1134 2573 ΡΞ
1226 2536 1279 2573 14
1305 2532 1450 2574 adicit
1474 2540 1529 2574 A:
1558 2532 1672 2574 dicit
1687 2539 1776 2574 BP
1798 2534 1804 2586 1
1833 2531 1914 2574 sed

242 2589 399 2631 ABnlz
435 2589 474 2631 si
505 2597 577 2639 By
607 2589 765 2631 Bn2'N
788 2604 856 2633 om.
888 2598 931 2632 P
1051 2594 1103 2632 19
1135 2590 1334 2645 primam
1364 2592 1546 2645 partem
1578 2598 1661 2632 AB
1777 2594 1833 2632 20
1864 2590 1913 2631 in

243 2648 329 2690 hoc
368 2647 520 2690 tendit
553 2657 626 2690 TI,
668 2649 754 2690 hoc
798 2648 1001 2692 intendit
1040 2657 1084 2691 P
1231 2655 1285 2691 24
1333 2650 1436 2693 ἀντὶ
1483 2647 1729 2704 προοιμίου
1776 2650 1913 2692 Butt-

243 2721 406 2749 mann:
453 2709 560 2750 ante
592 2707 878 2761 prooemium

1938 884 1982 915 10

1939 1250 1980 1282 15

1939 1617 1982 1648 20

1939 1983 1980 2015 25

1938 2349 1980 2382 30

2052 945 2055 970 i

2050 983 2055 1008 π’
