2055 3130
86 967 129 998 10

84 1337 126 1369 15

81 2079 124 2112 85

78 2451 122 2483 30

667 68 722 111 Π.
758 72 826 121 17,
860 71 1048 111 36-43.
1084 69 1153 120 18,
1187 70 1315 108 1—5.
1739 59 1844 111 119

157 209 243 256 sed
279 225 367 257 nec
406 210 495 256 illa
535 208 808 257 omittenda
847 210 985 255 sunt:
1040 221 1138 268 qua
1191 207 1244 252 in
1281 220 1333 250 re
1374 205 1504 251 alius
1546 221 1594 252 se
1635 203 1843 251 inartifi-

158 283 363 344 cialiter,
405 284 531 331 alius
573 282 901 330 artificialiter
939 282 1093 345 gerat,
1138 281 1192 326 in
1231 295 1290 327 ea
1329 294 1431 325 esse
1473 281 1644 337 artem,
1697 279 1746 324 et
1791 278 1844 323 in

158 373 228 416 eo,
269 357 399 418 quod
441 358 527 418 qui
565 356 794 405 didicerit
831 356 1007 403 melius
1046 353 1213 414 faciat,
1262 368 1414 414 quam
1453 352 1538 413 qui
1577 367 1676 399 non
1716 350 1842 398 didi-

158 433 294 491 cerit,
335 446 435 478 esse
477 433 648 477 artem.
702 431 843 490 atqui
881 445 980 476 non
1020 429 1179 476 solum
1226 427 1400 474 doctus
1439 426 1709 485 indoctum,
1757 426 1843 473 sed
1868 418 1934 464 43

159 506 309 552 etiam
347 505 538 552 doctior
578 505 777 552 doctum
814 505 867 550 in
898 503 1165 550 rhetorices
1198 517 1343 562 opere
1377 500 1644 561 superabit,
1683 515 1843 561 neque

157 581 319 626 essent
358 579 461 626 eius
504 579 650 625 aliter
687 581 792 624 tam
823 578 981 624 multa
1019 578 1284 638 praecepta
1315 577 1518 636 tamque
1549 575 1718 637 magni
1758 573 1846 635 qui

159 653 402 700 docerent.
442 653 591 713 idque
632 668 744 700 cum
783 651 1009 699 omnibus
1050 649 1381 698 confitendum
1422 651 1508 708 est,
1556 651 1661 695 tum
1702 648 1843 696 nobis

155 726 432 788 praecipue,
460 728 546 787 qui
568 727 814 774 rationem
839 725 1034 773 dicendi
1060 741 1088 771 a
1111 724 1240 772 bono
1266 725 1373 770 viro
1406 739 1504 770 non
1544 738 1842 784 separamus.

658 853 759 910 [EX
793 851 1009 904 oureus
1042 850 1336 908 ARTTBUs]

267 949 448 996 XVEI.
494 948 615 996 Cum
655 950 755 997 sint
780 952 946 996 autem
972 949 1156 995 artium
1188 948 1317 994 aliae
1349 947 1541 1008 positae
1572 947 1625 992 in
1656 946 1846 1007 inspec-
1902 936 1928 980 l

154 1025 304 1082 tione,
343 1023 396 1069 id
435 1026 508 1071 est
548 1024 830 1085 cognitione
871 1026 921 1070 et
961 1022 1306 1070 aestimatione
1345 1037 1526 1080 rerum,
1567 1020 1728 1082 qualis
1769 1022 1843 1068 est

155 1098 426 1161 astrologia
464 1098 657 1144 nullum
698 1098 897 1160 exigens
939 1099 1121 1156 actum,
1176 1096 1260 1143 sed
1298 1097 1406 1157 ipso
1446 1096 1521 1141 rei
1560 1095 1699 1141 cuius
1740 1097 1841 1142 stu-

153 1171 290 1218 dium
329 1171 479 1219 habet
516 1172 776 1219 intellectu
823 1174 1070 1230 contenta,
1119 1186 1245 1232 quae
1293 1168 1572 1234 θεωρητική
1621 1171 1842 1230 vocatur,

154 1248 281 1293 aliae
319 1247 372 1292 in
413 1246 615 1309 agendo,
658 1262 867 1307 quarum
905 1246 958 1291 in
996 1246 1089 1292 hoc
1120 1244 1231 1292 finis
1266 1247 1340 1292 est
1373 1247 1421 1290 et
1451 1246 1560 1305 ipso
1587 1246 1701 1291 actu
1733 1259 1841 1304 per-

152 1320 318 1368 ficitur
356 1320 578 1382 nihilque
609 1323 723 1381 post
757 1323 921 1368 actum
954 1321 1117 1381 operis
1148 1319 1402 1380 relinquit,
1442 1334 1568 1380 quae
1600 1316 1841 1382 πρακτική

150 1394 346 1456 dicitur,
389 1395 549 1455 qualis
590 1395 791 1442 saltatio
833 1396 919 1454 est,
970 1394 1097 1441 aliae
1142 1395 1196 1440 in
1244 1393 1441 1452 effectU,
1490 1408 1615 1453 quae
1664 1393 1841 1454 operis,
1900 1402 1929 1446 2

152 1468 285 1530 quod
340 1470 493 1517 ocujis
554 1469 816 1528 subicitur,
875 1469 1295 1516 consummatione
1364 1466 1512 1515 finem
1575 1467 1841 1528 accipiunt,

153 1559 302 1605 quam
340 1542 582 1605 ποητικήν
623 1544 945 1605 appellamus,
988 1543 1150 1604 qualis
1192 1544 1267 1590 est
1305 1543 1522 1603 pictura:
1571 1542 1673 1588 fere
1712 1540 1840 1587 iudi-

151 1618 361 1665 candum
401 1620 476 1665 est
513 1619 788 1665 rhetoricen
829 1620 881 1664 in
922 1620 1037 1664 act-u
1077 1618 1359 1675 consistere,
1397 1617 1489 1663 hoc
1523 1617 1667 1675 enim,
1710 1615 1842 1676 quod

58 1708 78 1739 ε·
150 1695 225 1739 est
264 1691 417 1738 officii
454 1693 544 1752 sui,
585 1692 799 1753 perficit:
849 1694 998 1753 atque
1037 1693 1112 1738 ita
1153 1691 1212 1738 ab
1254 1690 1480 1738 omnibus
1522 1689 1709 1737 dictum
1750 1692 1836 1737 est.

150 1767 275 1814 mihi
313 1769 481 1813 autem
519 1767 719 1813 videtur
759 1766 910 1814 etiam
950 1782 1009 1813 ex
1045 1766 1147 1813 illis
1189 1766 1362 1813 ceteris
1404 1765 1593 1812 artibus
1625 1765 1841 1812 multum
1897 1773 1927 1818 3

151 1840 431 1904 adsumere3
470 1856 586 1887 nam
627 1844 675 1887 et
713 1844 879 1902 potest
918 1840 1185 1902 aliquando
1225 1841 1334 1901 ipsa
1366 1840 1437 1886 rei
1461 1855 1548 1901 per
1572 1855 1623 1887 se
1646 1839 1839 1900 inspec-

149 1918 285 1962 tione
327 1930 429 1963 esse
470 1917 714 1962 contenta.
759 1916 851 1962 erit
893 1915 1023 1962 enim
1061 1915 1304 1962 rhetorice
1342 1916 1395 1960 in
1443 1917 1637 1961 oratore
1689 1915 1840 1961 etiam

148 1991 360 2049 tacente,
401 1992 449 2037 et
489 1991 531 2036 si
570 1989 770 2037 desierit
810 2005 954 2053 agere
993 1990 1074 2037 vel
1111 1989 1368 2051 proposito
1407 1989 1487 2035 vel
1519 1989 1688 2049 aliquo
1722 2003 1840 2035 casu

149 2063 432 2125 impeditus,
470 2080 569 2111 non
609 2063 768 2127 magis
810 2064 1002 2111 desinet
1042 2079 1145 2112 esse
1193 2064 1360 2111 orator
1409 2079 1559 2124 quam
1604 2062 1839 2121 medicus,

148 2139 233 2200 qui
275 2138 482 2186 curandi
519 2138 693 2185 fecerit
730 2138 890 2185 finem.
945 2154 1062 2184 nam
1103 2142 1176 2185 est
1217 2137 1398 2198 aliquis
1455 2152 1511 2184 ac
1560 2138 1725 2184 nescio
1775 2152 1839 2183 an
1897 2142 1927 2189 4

145 2211 388 2259 maximus
430 2214 582 2260 etiam
621 2229 678 2260 ex
726 2212 924 2260 secretis
968 2212 1145 2260 studiis
1196 2212 1386 2259 fructus
1443 2227 1498 2259 ac
1551 2214 1659 2258 tum
1712 2227 1838 2272 pura

145 2287 376 2347 voluptas
414 2287 710 2347 litterarum,
752 2303 865 2334 cum
898 2287 957 2334 ab
992 2290 1122 2347 actu,
1161 2287 1214 2334 id
1246 2290 1319 2333 est
1352 2302 1502 2347 opera
1533 2288 1837 2333 recesserunt

147 2363 197 2408 et
236 2362 650 2423 contemplatione
691 2363 770 2409 sui
808 2362 1057 2408 fruuntur.
1099 2361 1185 2409 sed
1225 2361 1478 2408 effectivae
1520 2376 1714 2422 quoque
1748 2360 1834 2407 ali·
1895 2382 1925 2410 o

150 2435 270 2496 quid
310 2436 470 2483 simile
510 2436 706 2498 scriptis
748 2435 1054 2483 orationibus
1087 2436 1166 2482 vel
1204 2435 1441 2494 historiis,
1494 2435 1625 2496 quod
1671 2436 1836 2495 ipsum

147 2525 270 2570 opus
309 2510 363 2556 in
416 2513 557 2571 parte
610 2511 829 2558 oratoria
873 2511 1052 2557 merito
1099 2511 1343 2571 ponimus,
1399 2511 1737 2570 consequetur.
1794 2510 1836 2555 si

267 2715 290 2752 7
323 2710 486 2769 idque]
527 2711 577 2754 id
610 2712 736 2766 quod
775 2719 852 2753 TL
989 2716 1042 2754 16
1084 2725 1204 2766 quae
1243 2719 1333 2753 BP
1369 2725 1447 2754 exc
1497 2711 1618 2755 Cass.
1654 2726 1692 2768 p
1732 2715 1831 2763 501,

148 2772 224 2811 22:
259 2783 442 2825 quoque
473 2779 511 2812 A
634 2776 687 2813 17
723 2771 1171 2814 consummationem
1204 2774 1277 2826 ΡΙ
1304 2770 1444 2813 finem
1474 2778 1512 2811 Α
1548 2771 1694 2815 Cass:
1740 2785 1832 2813 non

145 2827 285 2870 finem
306 2836 397 2871 BP
515 2834 569 2873 18
602 2833 828 2886 ποητικήν
859 2832 1134 2886 scripturam
1173 2831 1495 2874 helleniste'cctm
1529 2831 1635 2874 le'bri
1665 2836 1832 2874 testan-

143 2893 222 2931 tur
342 2893 396 2930 22
452 2889 520 2932 rei
556 2889 712 2934 Gertz.-
741 2903 814 2932 res
