1991 3120
730 74 1085 118 PRAEFATIO.
1739 75 1803 118 IX

340 218 389 262 et
445 213 524 263 P:
576 214 672 262 Sed
726 241 798 247 —
852 216 912 262 ab
966 216 1065 262 illis
1115 215 1364 274 dissentia,
1418 216 1500 274 qui
1553 229 1648 262 non
1707 230 1804 262 esse

337 305 371 336 n
381 303 412 336 a
421 304 484 336 rr
493 289 707 336 andum
747 291 1024 336 emis-timent.

117 363 254 411 Haec
285 362 619 424 interpolandi
657 363 811 410 libido
851 363 1063 410 maxime
1102 379 1258 409 unum
1298 362 1491 410 dicendi
1538 378 1691 425 genus
1730 363 1802 409 in-

115 438 263 496 vasit,
304 453 399 498 quo
442 436 776 492 Quintilianus
816 452 936 484 usus
978 438 1076 484 est:
1128 438 1214 498 qui
1259 437 1343 483 ubi
1393 437 1514 484 artis
1562 436 1804 498 quasdam

115 510 427 558 definitiones
467 510 656 570 laudat,
694 513 943 572 receptam
974 526 1067 558 usu
1100 510 1487 571 appellationem
1517 527 1606 572 per
1629 526 1802 572 paren-

112 585 278 632 thesin
318 584 494 631 addere
535 586 813 645 consuevit,
855 586 991 632 cuius
1032 586 1104 632 rei
1145 587 1219 632 est
1257 586 1535 646 exemplum
1578 584 1803 632 omnibus

113 658 254 706 libris
292 657 533 705 traditum
1062 650 1066 653 ⁵

226 749 337 796 pag.
366 734 487 792 289,
512 750 553 780 21
592 733 646 780 id
684 746 870 794 quoquc
910 732 1187 790 (obscurum
1220 732 1429 792 vocant),
1469 733 1596 790 quod
1627 736 1802 780 secreto

339 810 381 853 et
417 808 520 854 sine
559 810 669 854 teste
711 833 793 853 —.

114 880 232 927 Jam
271 880 384 928 vide

225 971 336 1017 pag.
381 956 502 1014 196,
545 963 620 1002 15:
686 969 949 1002 sermonem.
1005 970 1034 1002 α
1082 968 1295 1014 persona
1349 955 1526 1002 iudicis
1581 969 1805 1002 aversum

338 1022 710 1094 (ἀποστροφή
766 1021 965 1094 (lic-itur)
1032 1025 1113 1076 B:
1177 1044 1321 1088 quae
1376 1026 1457 1076 ἀπ.
1513 1030 1690 1076 dicitur
1744 1027 1804 1077 A

336 1104 432 1162 qui
471 1099 553 1149 ἀπ.
595 1102 638 1149 cl.
682 1101 753 1150 P.

114 1175 222 1232 Qua
263 1192 319 1223 ex
359 1177 702 1224 observatione
741 1176 1009 1224 iudicanda
1050 1179 1124 1224 est
1162 1177 1283 1224 haec
1308 1177 1532 1225 lectionis
1567 1178 1803 1225 varietas:

223 1266 336 1313 pag.
389 1253 510 1310 151,
561 1261 606 1298 7:
660 1252 938 1308 weqotialem
998 1244 1437 1316 (πραγματικήν
1497 1246 1650 1314 coeat)
1722 1249 1802 1299 A:

337 1340 482 1384 quam
520 1342 599 1389 πρ.
645 1329 776 1372 vocat
813 1322 950 1384 BP,

224 1414 336 1461 pag.
381 1400 502 1459 178,
537 1409 613 1446 17:
652 1403 872 1447 mutuam
919 1401 1271 1447 accusationem
1322 1397 1804 1464 ((Ξντικατηγορία

340 1468 557 1538 vocatur)
598 1471 679 1521 A:
720 1488 842 1534 quae
881 1471 1034 1520 ἀντικ.
1079 1478 1273 1521 coeatur
1312 1471 1445 1522 BP.

115 1545 253 1594 Haec
291 1547 441 1608 paulo
483 1547 735 1595 verbosius
776 1551 1031 1595 exsecutus
1072 1563 1202 1607 sum,
1250 1563 1309 1594 ne
1350 1550 1459 1610 quis
1506 1548 1582 1595 his
1631 1548 1803 1595 simili-

112 1621 303 1682 busque
343 1621 463 1669 locis
504 1623 607 1668 sine
647 1621 839 1669 ratione
880 1637 909 1669 a
955 1621 1179 1683 priorum
1226 1622 1499 1669 editionum
1547 1626 1801 1669 consuetu-

119 1695 232 1742 dine
273 1695 533 1742 descivisse
575 1711 651 1742 me
691 1696 949 1742 existimet.

227 1767 453 1816 Codicem
496 1769 778 1817 Vallensem
810 1770 861 1816 in
895 1771 1112 1831 quinque
1143 1769 1283 1817 libris
1316 1769 1562 1831 prioribus
1605 1785 1802 1817 accura-

110 1843 300 1890 tissime
348 1844 627 1891 contulerat
674 1843 725 1889 F.
767 1843 969 1903 Becher,
1024 1845 1075 1890 in
1131 1847 1266 1891 sexto
1330 1844 1425 1891 nisi
1487 1844 1804 1891 miscellanea

112 1917 355 1978 quaedam
409 1933 508 1964 non
562 1918 902 1965 adnotaverat.
987 1918 1164 1979 Itaque
1215 1918 1545 1966 intercedente
1592 1917 1802 1981 Hugone

112 1991 264 2051 Rabe,
326 1993 413 2053 qui
465 1992 598 2039 locos
647 2007 842 2053 quoque
897 1992 1040 2040 huius
1111 1991 1292 2040 codicis
1359 1993 1621 2040 nonnullos
1692 2008 1802 2040 mea

111 2080 260 2112 causa
315 2067 636 2125 examinavit,
684 2066 796 2113 inde
845 2082 874 2113 a
914 2067 996 2114 fol.
1041 2067 1143 2114 69*
1191 2067 1254 2114 ad
1301 2067 1383 2113 fol.
1430 2068 1527 2113 78¹
1560 2067 1801 2130 imagines

109 2138 228 2186 libri
265 2139 372 2187 luce
413 2143 643 2201 exceptae
686 2133 814 2205 (ipse
855 2141 985 2187 enim
1023 2142 1222 2203 roganti
1254 2141 1377 2187 mihi
1409 2155 1664 2189 concessus
1704 2157 1802 2188 non

110 2207 209 2278 est)
238 2212 513 2275 Gryphiam
545 2214 722 2262 missae
757 2218 884 2274 sunt,
927 2214 1103 2275 quibus
1136 2230 1252 2262 usus
1287 2215 1658 2262 adnotationem
1691 2231 1801 2262 con-

112 2286 267 2335 stitui.
311 2287 406 2335 Sed
439 2303 549 2335 cum
575 2290 678 2336 eius
703 2288 819 2335 libri
842 2289 962 2337 haec
988 2290 1053 2337 sit-
1078 2289 1316 2349 condiciO,
1341 2292 1397 2336 ut
1422 2292 1619 2351 praeter
1642 2290 1802 2352 ignoti

110 2361 399 2409 correctoris
440 2356 568 2427 (ΡΞ)
611 2379 811 2424 operam
867 2363 928 2410 ab
975 2365 1084 2424 ipso
1132 2363 1400 2411 Laurentio
1449 2363 1597 2411 Valla
1652 2363 1800 2411 adno-

109 2436 315 2496 tatione,
356 2436 714 2496 emendatione,
753 2439 939 2485 rasuris
981 2453 1330 2498 saepenumero
1370 2438 1443 2484 ita
1475 2440 1681 2485 vexatus
1723 2439 1800 2497 sit,

110 2513 169 2556 ut
216 2509 338 2570 quid
384 2510 546 2571 prima
600 2527 750 2558 manu
790 2505 919 2577 (ΡΙ)
959 2511 1200 2572 scriptum
1255 2512 1406 2559 fuerit
1460 2511 1648 2559 dinosci
1702 2528 1800 2559 non

109 2584 212 2630 iam
265 2585 445 2645 possit,
501 2585 601 2632 alia
656 2585 872 2632 eiusdem
927 2585 1096 2633 classis
1152 2586 1454 2646 exemplaria
1509 2585 1801 2634 arcessenda

110 2660 267 2717 erant,
307 2674 432 2719 quae
471 2659 524 2706 in
549 2658 699 2706 dubia
732 2659 942 2707 lectione
967 2659 1348 2707 consulerentur.
1396 2659 1615 2707 Adhibui
1646 2661 1801 2722 igitur

111 2747 264 2778 unum
309 2732 590 2780 Parisinum
648 2735 786 2780 7725
839 2727 959 2799 (Q),
1011 2750 1155 2794 quem
1203 2750 1310 2781 meo
1358 2735 1630 2795 impetratu
1677 2732 1799 2794 Gry-

109 2805 281 2865 phiam
334 2808 680 2854 transmissum
733 2808 973 2868 inspicere
1022 2811 1171 2869 atque
1226 2808 1445 2856 conferre
1491 2809 1597 2869 ipse
1637 2810 1799 2869 potui,

110 2895 266 2925 unum
320 2879 618 2927 Vaticanum
669 2882 833 2944 1765,
888 2882 1073 2929 Romae
1135 2898 1247 2929 vere
1303 2883 1421 2929 anni
1471 2884 1612 2930 1904
1654 2897 1683 2928 a
1722 2898 1798 2928 me
