2055 3130
812 69 888 113 ΙΠ.
925 74 964 123 6,
1000 74 1156 112 7—18.
1719 69 1824 121 143

714 202 901 261 [UNDE
934 201 1233 245 DUGATUR..
1238 203 1256 260 J

251 285 356 331 Alii
394 286 580 332 statum
620 284 932 331 crediderunt
969 284 1184 344 1111103111
1223 284 1340 342 61115,
1381 297 1491 329 611111
1532 298 1628 342 quo
1662 298 1827 345 agere-
1853 283 1914 326 13

140 362 237 417 tur,
292 359 699 420 deprecationem.
755 374 904 418 quam
958 358 1256 404 sententiam
1308 356 1386 403 his
1440 356 1602 403 verbis
1658 354 1826 403 Cicero

141 433 504 494 complectitur:
576 428 646 479 ‘in
715 447 811 492 quo
880 432 1098 492 primum
1170 431 1362 477 insistit
1423 431 1568 490 quasi
1629 430 1693 477 ad
1753 446 1825 477 re-

96 525 114 556 5
139 506 464 569 pugnandum
549 520 810 568 congressa
899 500 1152 552 defensio’.
1244 503 1374 550 unde
1463 519 1632 550 rursus
1729 504 1828 550 alia

142 581 382 641 quaestio,
423 595 486 626 an
526 596 636 626 eum
676 594 866 639 semper
904 581 946 625 is
986 579 1153 638 faciat,
1196 579 1281 639 qui
1319 578 1596 638 respondet.
1637 578 1718 624 cui
1755 578 1827 625 rei

138 654 399 714 praecipue
453 656 698 715 repugnat
753 651 1007 700 Cornelius
1069 651 1237 700 Celsus
1293 652 1456 698 dicens
1520 647 1637 698 ‘non
1677 667 1706 698 a
1746 651 1828 697 de-

138 727 363 788 pulsione
439 728 582 787 sumi,
661 727 746 774 sed
808 727 867 773 ab
936 742 1006 786 eo,
1085 726 1172 788 qui
1232 726 1625 787 propositionem
1688 741 1827 772 suam

140 797 429 861 confirmet',
478 805 557 860 ut,
620 802 662 848 si
714 800 963 848 hominem
1019 801 1233 848 occisum
1288 816 1400 847 reus
1448 803 1620 862 negat,
1668 802 1827 846 status

73 893 115 924 10
140 875 201 920 ab
242 878 527 922 accusatore
568 877 816 933 nascatur,
858 874 979 936 quia
1016 876 1059 921 is
1098 874 1221 921 velit
1251 874 1485 935 probare,
1524 875 1567 921 si
1604 876 1710 920 iure
1751 889 1826 920 oc-

139 950 295 996 cisum
332 965 444 996 reus
485 950 619 1009 dicit,
660 949 905 996 translata
944 949 1254 1010 probationis
1293 948 1587 995 necessitate
1626 948 1759 994 idem
1800 964 1829 994 a

137 1039 220 1070 reo
260 1023 348 1070 fiat
387 1026 435 1069 et
475 1023 539 1071 sit
572 1025 676 1070 eius
708 1023 935 1070 intentio.
977 1024 1056 1069 cui
1086 1039 1186 1070 non
1220 1022 1396 1070 accedo
1431 1022 1672 1083 equidem.
1711 1038 1830 1068 nam
1855 1022 1919 1065 14

139 1104 215 1144 est
254 1113 368 1144 vero
409 1099 628 1158 propius,
671 1097 803 1159 quod
848 1098 1021 1144 contra
1060 1096 1257 1156 dicitur,
1300 1097 1491 1143 nullam
1532 1112 1634 1143 esse
1673 1096 1827 1155 litem,

138 1172 180 1218 si
218 1167 296 1231 iis,
352 1187 463 1219 cum
495 1175 606 1233 'quo
659 1174 852 1235 agatur,
920 1171 1044 1217 nihil
1093 1170 1411 1232 respondeat,
1461 1170 1671 1231 ideoque
1721 1170 1830 1216 fieri

75 1263 114 1295 15
141 1248 328 1292 statum
368 1262 397 1293 a
435 1246 774 1307 respondente.
815 1261 926 1292 mea
965 1249 1133 1292 tamen
1166 1246 1413 1292 sententia
1444 1247 1638 1292 varium
1670 1244 1722 1290 id
1755 1247 1828 1292 est
1857 1246 1919 1289 15

140 1322 188 1366 et
230 1320 408 1366 accidit
446 1336 535 1382 pro
577 1320 862 1367 condicione
904 1334 1178 1379 causarum,
1220 1320 1340 1380 quia
1380 1321 1429 1366 et
1467 1318 1624 1365 videri
1664 1321 1829 1380 potest

137 1393 413 1455 propositio
455 1394 722 1455 aliquando
764 1396 951 1441 statum
989 1394 1164 1452 facere,
1216 1396 1272 1440 ut
1311 1394 1363 1440 in
1413 1393 1827 1440 coniecturalibus

139 1468 297 1515 causis
340 1461 521 1533 (utitur
561 1469 690 1515 enim
723 1470 1005 1515 coniectura
1045 1468 1203 1531 magis
1250 1469 1335 1528 qui
1382 1468 1513 1530 agit,
1562 1483 1658 1528 quo
1704 1468 1831 1514 moti

139 1542 341 1603 quidam
396 1542 605 1589 eundem
645 1558 673 1589 a
711 1557 794 1590 reo
849 1542 1182 1589 infitialem
1233 1557 1336 1589 6556
1383 1535 1634 1606 dixerunt)
1678 1544 1727 1588 et
1776 1543 1829 1587 in

72 1634 114 1665 20
139 1616 428 1678 syllogismo
482 1619 591 1663 tot-a
628 1617 946 1663 ratiocinatio
988 1615 1048 1662 ab
1098 1632 1152 1663 eo
1194 1619 1280 1676 est,
1333 1617 1420 1677 qui
1466 1615 1694 1662 intendit.
1744 1616 1829 1662 sed
1855 1616 1919 1660 16

139 1690 255 1751 quia
295 1690 493 1737 videtur
530 1691 636 1738 illic
689 1707 883 1751 quoque
936 1691 1280 1738 necessitatem
1334 1691 1422 1736 hos
1479 1692 1641 1737 status
1697 1705 1827 1737 exse-

141 1764 323 1825 quendi
360 1765 521 1812 facere
561 1766 650 1826 qui
688 1768 839 1827 negat
879 1759 942 1830 (is
984 1766 1116 1811 enim
1155 1766 1196 1811 51
1236 1765 1368 1811 dicat
1413 1760 1530 1810 ‘non
1569 1759 1699 1822 feci’,
1751 1779 1828 1810 co-

139 1841 222 1901 get
262 1839 599 1886 adversarium
651 1841 933 1886 coniectura
983 1840 1072 1899 uti,
1127 1844 1174 1885 et
1227 1840 1269 1885 si
1320 1838 1453 1884 dicat
1506 1835 1623 1886 ‘non
1676 1838 1827 1885 habes

138 1909 334 1975 legem’,
375 1907 703 1977 syllogismo),
743 1914 1067 1961 concedamus
1109 1929 1166 1959 ex
1213 1912 1499 1973 depulsione
1546 1914 1683 1960 nasci
1729 1915 1828 1960 sta-

73 2004 114 2036 25
139 1990 262 2034 tum.
317 1988 474 2034 nihilo
527 1988 687 2034 minus
742 1989 874 2034 enim
920 2004 998 2035 res
1054 2003 1109 2034 eo
1164 1989 1455 2045 revertetur,
1506 1990 1561 2032 ut
1600 1986 1745 2033 modo
1785 1987 1827 2032 is

140 2062 228 2122 qui
245 2061 363 2124 agit,
380 2061 526 2109 modo
543 2063 585 2109 is
604 2077 716 2108 cum
735 2078 829 2122 quo
849 2063 1028 2125 agitur,
1055 2064 1239 2108 statum
1264 2061 1430 2108 faciat.
1450 2062 1516 2108 sit
1541 2062 1671 2107 6111111
1689 2076 1826 2107 accu-
1855 2062 1916 2104 17

139 2137 317 2182 satoris
349 2136 560 2183 intentio
588 2132 855 2183 ‘hominem
877 2131 1136 2195 occidisti',
1169 2136 1210 2182 si
1234 2138 1384 2198 negat
1399 2150 1525 2194 reus,
1558 2136 1712 2182 faciat
1729 2138 1827 2182 sta-

138 2212 245 2255 tum
273 2210 359 2270 qui
382 2212 545 2272 negat.
587 2209 741 2271 quid‘?
783 2212 825 2257 51
865 2210 1139 2270 confitetur,
1180 2210 1264 2257 sed
1287 2211 1393 2256 iure
1420 2226 1448 2256 a
1473 2226 1522 2257 se
1549 2210 1828 2256 adulterum

141 2284 260 2331 dicit
301 2285 518 2331 occisum
560 2278 757 2349 (nempe
797 2285 956 2347 legem
998 2300 1100 2332 esse
1134 2288 1321 2331 certum
1348 2286 1433 2345 est,
1476 2300 1602 2344 quae
1626 2283 1826 2345 permit-

75 2374 117 2406 30
139 2352 257 2423 tat),
296 2359 394 2404 nisi
435 2359 625 2419 ahquid
666 2363 922 2406 accusator
960 2358 1238 2420 respondet,
1278 2359 1417 2405 nulla
1457 2358 1518 2405 lis
1560 2360 1645 2405 est.
1711 2354 1828 2404 ‘non

140 2428 253 2479 fuit’
294 2433 461 2493 inquit
502 2429 759 2480 ‘adulter'z
812 2450 928 2496 ergo
978 2433 1202 2494 depulsio
1248 2433 1426 2493 incipit
1480 2447 1581 2479 esse
1632 2434 1826 2492 actoris,

140 2505 224 2553 ille
264 2508 453 2553 statum
492 2508 654 2554 faciet.
694 2509 768 2554 ita
810 2509 903 2554 erit
942 2507 1141 2568 quidem
1181 2509 1339 2554 status
1374 2523 1431 2552 ex
1462 2508 1623 2568 prima
1656 2506 1826 2568 depul-

142 2579 291 2639 sione,
341 2580 426 2627 sed
466 2596 523 2627 ea
562 2581 647 2628 fiet
696 2581 757 2628 ab
813 2584 1112 2640 accusatore,
1166 2597 1264 2628 non
1306 2597 1333 2627 a
1372 2597 1467 2627 reo.
1526 2580 1644 2641 quid
1695 2580 1828 2642 quod
1854 2578 1920 2623 18

261 2710 286 2747 3
318 2706 431 2762 Top.
467 2711 537 2760 25,
573 2712 626 2749 93

261 2828 315 2867 21
348 2823 448 2867 illic
490 2826 685 2882 Regius:
732 2824 806 2868 illi
837 2834 874 2867 A
906 2825 1002 2868 illis
1034 2833 1124 2868 BP
1302 2831 1356 2868 23
1389 2826 1533 2868 habet
1563 2832 1653 2867 BP

261 2888 315 2925 27
347 2886 489 2940 neget
520 2892 564 2926 P
