<?xml version="1.0" encoding="UTF-8"?>
<!DOCTYPE html PUBLIC "-//W3C//DTD XHTML 1.0 Transitional//EN"
    "http://www.w3.org/TR/xhtml1/DTD/xhtml1-transitional.dtd">
<html xmlns="http://www.w3.org/1999/xhtml" xml:lang="en" lang="en">
 <head>
  <title>
</title>
<meta http-equiv="Content-Type" content="text/html;charset=utf-8" />
  <meta name='ocr-system' content='tesseract 3.04.00' />
  <meta name='ocr-capabilities' content='ocr_page ocr_carea ocr_par ocr_line ocrx_word'/>
</head>
<body>
  <div class='ocr_page' id='page_1' title='image "./institvtionisora00quinuoft/institvtionisora00quinuoft_0052.png"; bbox 0 0 2007 3120; ppageno 0'>
   <div class='ocr_carea' id='block_1_1' title="bbox 192 67 1363 122">
    <p class='ocr_par' dir='ltr' id='par_1_1' title="bbox 192 67 1363 122">
     <span class='ocr_line' id='line_1_1' title="bbox 192 67 1363 122; baseline -0.003 -8"><span class='ocrx_word' id='word_1_1' title='bbox 192 71 262 122; x_wconf 83' lang='lat'>34</span> <span class='ocrx_word' id='word_1_2' title='bbox 685 68 1057 121; x_wconf 79' lang='lat' dir='ltr'><strong>QVINTILIANI</strong></span> <span class='ocrx_word' id='word_1_3' title='bbox 1085 67 1234 111; x_wconf 83' lang='lat' dir='ltr'>INST.</span> <span class='ocrx_word' id='word_1_4' title='bbox 1272 67 1363 111; x_wconf 80' lang='grc' dir='ltr'>ΟΒ.</span> 
     </span>
    </p>
   </div>
   <div class='ocr_carea' id='block_1_2' title="bbox 103 203 1874 2382">
    <p class='ocr_par' dir='ltr' id='par_1_2' title="bbox 103 203 1874 2382">
     <span class='ocr_line' id='line_1_2' title="bbox 189 203 1861 267; baseline -0.001 -12"><span class='ocrx_word' id='word_1_5' title='bbox 189 211 323 256; x_wconf 88' lang='lat' dir='ltr'>tione</span> <span class='ocrx_word' id='word_1_6' title='bbox 365 204 498 254; x_wconf 73' lang='lat' dir='ltr'>‘nam</span> <span class='ocrx_word' id='word_1_7' title='bbox 538 209 681 267; x_wconf 90' lang='lat' dir='ltr'>enim,</span> <span class='ocrx_word' id='word_1_8' title='bbox 721 207 779 254; x_wconf 93' lang='lat' dir='ltr'>de</span> <span class='ocrx_word' id='word_1_9' title='bbox 819 223 1000 265; x_wconf 89' lang='lat' dir='ltr'>susum,</span> <span class='ocrx_word' id='word_1_10' title='bbox 1046 207 1098 252; x_wconf 92' lang='lat' dir='ltr'>in</span> <span class='ocrx_word' id='word_1_11' title='bbox 1137 203 1524 267; x_wconf 82' lang='lat' dir='ltr'>Alexandriam&#39;,</span> <span class='ocrx_word' id='word_1_12' title='bbox 1563 207 1861 254; x_wconf 89' lang='lat' dir='ltr'>detractione</span> 
     </span>
     <span class='ocr_line' id='line_1_3' title="bbox 103 276 1860 342; baseline -0.002 -12"><span class='ocrx_word' id='word_1_13' title='bbox 103 285 166 330; x_wconf 80' lang='lat'>39</span> <span class='ocrx_word' id='word_1_14' title='bbox 193 279 408 328; x_wconf 75' lang='lat' dir='ltr'>‘ambulo</span> <span class='ocrx_word' id='word_1_15' title='bbox 454 281 600 339; x_wconf 90' lang='lat' dir='ltr'>viam,</span> <span class='ocrx_word' id='word_1_16' title='bbox 650 281 878 342; x_wconf 84' lang='lat' dir='ltr'>Aegypto</span> <span class='ocrx_word' id='word_1_17' title='bbox 925 279 1082 338; x_wconf 93' lang='lat' dir='ltr'>venio,</span> <span class='ocrx_word' id='word_1_18' title='bbox 1133 295 1193 326; x_wconf 93' lang='lat' dir='ltr'>ne</span> <span class='ocrx_word' id='word_1_19' title='bbox 1231 280 1322 327; x_wconf 88' lang='lat' dir='ltr'>hoc</span> <span class='ocrx_word' id='word_1_20' title='bbox 1361 276 1513 340; x_wconf 89' lang='lat' dir='ltr'>fecit&#39;,</span> <span class='ocrx_word' id='word_1_21' title='bbox 1562 282 1860 327; x_wconf 84' lang='lat' dir='ltr'>transmuta-</span> 
     </span>
     <span class='ocr_line' id='line_1_4' title="bbox 190 349 1863 416; baseline -0.001 -15"><span class='ocrx_word' id='word_1_22' title='bbox 190 357 339 414; x_wconf 80' lang='lat' dir='ltr'>tione,</span> <span class='ocrx_word' id='word_1_23' title='bbox 386 370 484 415; x_wconf 90' lang='lat' dir='ltr'>qua</span> <span class='ocrx_word' id='word_1_24' title='bbox 530 354 646 400; x_wconf 91' lang='lat' dir='ltr'>ordo</span> <span class='ocrx_word' id='word_1_25' title='bbox 692 353 935 413; x_wconf 90' lang='lat' dir='ltr'>turbatur,</span> <span class='ocrx_word' id='word_1_26' title='bbox 985 349 1197 414; x_wconf 80' lang='lat' dir='ltr'>‘quoque</span> <span class='ocrx_word' id='word_1_27' title='bbox 1243 369 1345 416; x_wconf 90' lang='lat' dir='ltr'>ego,</span> <span class='ocrx_word' id='word_1_28' title='bbox 1393 355 1523 400; x_wconf 90' lang='lat' dir='ltr'>enim</span> <span class='ocrx_word' id='word_1_29' title='bbox 1561 354 1653 401; x_wconf 90' lang='lat' dir='ltr'>hoc</span> <span class='ocrx_word' id='word_1_30' title='bbox 1691 353 1863 413; x_wconf 91' lang='lat' dir='ltr'>voluit,</span> 
     </span>
     <span class='ocr_line' id='line_1_5' title="bbox 193 422 1862 490; baseline -0.002 -15"><span class='ocrx_word' id='word_1_31' title='bbox 193 431 358 475; x_wconf 87' lang='lat' dir='ltr'>autem</span> <span class='ocrx_word' id='word_1_32' title='bbox 404 443 501 474; x_wconf 92' lang='lat' dir='ltr'>non</span> <span class='ocrx_word' id='word_1_33' title='bbox 546 423 761 473; x_wconf 85' lang='lat' dir='ltr'>habuit&#39;:</span> <span class='ocrx_word' id='word_1_34' title='bbox 816 442 873 472; x_wconf 84' lang='lat' dir='ltr'>ex</span> <span class='ocrx_word' id='word_1_35' title='bbox 919 441 1015 486; x_wconf 91' lang='lat' dir='ltr'>quo</span> <span class='ocrx_word' id='word_1_36' title='bbox 1063 441 1236 488; x_wconf 85' lang='lat' dir='ltr'>genere</span> <span class='ocrx_word' id='word_1_37' title='bbox 1284 441 1347 472; x_wconf 91' lang='lat' dir='ltr'>an</span> <span class='ocrx_word' id='word_1_38' title='bbox 1386 428 1450 473; x_wconf 88' lang='lat' dir='ltr'>sit</span> <span class='ocrx_word' id='word_1_39' title='bbox 1491 422 1680 490; x_wconf 71' lang='lat' dir='ltr'>‘igitur&#39;</span> <span class='ocrx_word' id='word_1_40' title='bbox 1719 428 1862 473; x_wconf 88' lang='lat' dir='ltr'>initio</span> 
     </span>
     <span class='ocr_line' id='line_1_6' title="bbox 193 499 1864 560; baseline -0.002 -11"><span class='ocrx_word' id='word_1_41' title='bbox 193 502 428 549; x_wconf 91' lang='lat' dir='ltr'>sermonis</span> <span class='ocrx_word' id='word_1_42' title='bbox 475 501 692 560; x_wconf 89' lang='lat' dir='ltr'>positum</span> <span class='ocrx_word' id='word_1_43' title='bbox 732 499 948 546; x_wconf 91' lang='lat' dir='ltr'>dubitari</span> <span class='ocrx_word' id='word_1_44' title='bbox 986 501 1162 559; x_wconf 88' lang='lat' dir='ltr'>potest,</span> <span class='ocrx_word' id='word_1_45' title='bbox 1211 501 1327 559; x_wconf 89' lang='lat' dir='ltr'>quia</span> <span class='ocrx_word' id='word_1_46' title='bbox 1364 499 1602 546; x_wconf 80' lang='lat' dir='ltr'>maximos</span> <span class='ocrx_word' id='word_1_47' title='bbox 1642 502 1864 546; x_wconf 79' lang='lat' dir='ltr'>auctores</span> 
     </span>
     <span class='ocr_line' id='line_1_7' title="bbox 192 572 1866 633; baseline -0.001 -13"><span class='ocrx_word' id='word_1_48' title='bbox 192 575 244 621; x_wconf 90' lang='lat' dir='ltr'>in</span> <span class='ocrx_word' id='word_1_49' title='bbox 282 574 475 620; x_wconf 85' lang='lat' dir='ltr'>diversa</span> <span class='ocrx_word' id='word_1_50' title='bbox 513 573 662 620; x_wconf 85' lang='lat' dir='ltr'>fuisse</span> <span class='ocrx_word' id='word_1_51' title='bbox 702 574 930 633; x_wconf 89' lang='lat' dir='ltr'>opinione</span> <span class='ocrx_word' id='word_1_52' title='bbox 962 572 1120 632; x_wconf 93' lang='lat' dir='ltr'>video,</span> <span class='ocrx_word' id='word_1_53' title='bbox 1159 588 1268 618; x_wconf 92' lang='lat' dir='ltr'>cum</span> <span class='ocrx_word' id='word_1_54' title='bbox 1301 572 1431 633; x_wconf 90' lang='lat' dir='ltr'>apud</span> <span class='ocrx_word' id='word_1_55' title='bbox 1462 573 1584 620; x_wconf 89' lang='lat' dir='ltr'>alios</span> <span class='ocrx_word' id='word_1_56' title='bbox 1617 575 1683 619; x_wconf 86' lang='lat' dir='ltr'>sit</span> <span class='ocrx_word' id='word_1_57' title='bbox 1715 573 1866 619; x_wconf 89' lang='lat' dir='ltr'>etiam</span> 
     </span>
     <span class='ocr_line' id='line_1_8' title="bbox 105 645 1866 709; baseline -0.002 -15"><span class='ocrx_word' id='word_1_58' title='bbox 105 649 169 694; x_wconf 99' lang='grc'>40</span> <span class='ocrx_word' id='word_1_59' title='bbox 194 648 436 708; x_wconf 85' lang='lat' dir='ltr'>frequens,</span> <span class='ocrx_word' id='word_1_60' title='bbox 469 647 599 707; x_wconf 86' lang='lat' dir='ltr'>apud</span> <span class='ocrx_word' id='word_1_61' title='bbox 632 646 753 693; x_wconf 90' lang='lat' dir='ltr'>alios</span> <span class='ocrx_word' id='word_1_62' title='bbox 785 661 1054 706; x_wconf 82' lang='lat' dir='ltr'>numquam</span> <span class='ocrx_word' id='word_1_63' title='bbox 1083 645 1370 706; x_wconf 72' lang='lat' dir='ltr'>reperiatur.</span> <span class='ocrx_word' id='word_1_64' title='bbox 1409 646 1529 692; x_wconf 87' lang='lat' dir='ltr'>haec</span> <span class='ocrx_word' id='word_1_65' title='bbox 1559 647 1657 692; x_wconf 89' lang='lat' dir='ltr'>tria</span> <span class='ocrx_word' id='word_1_66' title='bbox 1689 662 1866 709; x_wconf 89' lang='lat' dir='ltr'>genera</span> 
     </span>
     <span class='ocr_line' id='line_1_9' title="bbox 194 719 1867 782; baseline -0.001 -15"><span class='ocrx_word' id='word_1_67' title='bbox 194 721 394 782; x_wconf 88' lang='lat' dir='ltr'>quidam</span> <span class='ocrx_word' id='word_1_68' title='bbox 463 719 699 766; x_wconf 88' lang='lat' dir='ltr'>diducunt</span> <span class='ocrx_word' id='word_1_69' title='bbox 767 734 795 765; x_wconf 93' lang='lat' dir='ltr'>a</span> <span class='ocrx_word' id='word_1_70' title='bbox 856 720 1164 779; x_wconf 83' lang='lat' dir='ltr'>soloecismo,</span> <span class='ocrx_word' id='word_1_71' title='bbox 1236 721 1284 765; x_wconf 91' lang='lat' dir='ltr'>et</span> <span class='ocrx_word' id='word_1_72' title='bbox 1345 719 1630 765; x_wconf 89' lang='lat' dir='ltr'>adiectionis</span> <span class='ocrx_word' id='word_1_73' title='bbox 1691 720 1867 765; x_wconf 90' lang='lat' dir='ltr'>vitium</span> 
     </span>
     <span class='ocr_line' id='line_1_10' title="bbox 195 790 1867 855; baseline -0.001 -15"><span class='ocrx_word' id='word_1_74' title='bbox 195 791 513 855; x_wconf 81' lang='grc' dir='ltr'><em>πλεονασμόν,</em></span> <span class='ocrx_word' id='word_1_75' title='bbox 565 793 880 839; x_wconf 71' lang='lat' dir='ltr'>detractionis</span> <span class='ocrx_word' id='word_1_76' title='bbox 932 790 1159 851; x_wconf 72' lang='grc' dir='ltr'><em>ἔλλειψιν,</em></span> <span class='ocrx_word' id='word_1_77' title='bbox 1212 793 1502 839; x_wconf 85' lang='lat' dir='ltr'>inversionis</span> <span class='ocrx_word' id='word_1_78' title='bbox 1554 790 1867 854; x_wconf 80' lang='grc' dir='ltr'><em>ἀναστροφήν</em></span> 
     </span>
     <span class='ocr_line' id='line_1_11' title="bbox 193 863 1866 928; baseline -0.001 -14"><span class='ocrx_word' id='word_1_79' title='bbox 193 870 393 915; x_wconf 84' lang='lat' dir='ltr'>vocant:</span> <span class='ocrx_word' id='word_1_80' title='bbox 448 881 573 926; x_wconf 88' lang='lat' dir='ltr'>quae</span> <span class='ocrx_word' id='word_1_81' title='bbox 620 866 661 913; x_wconf 91' lang='lat' dir='ltr'>si</span> <span class='ocrx_word' id='word_1_82' title='bbox 708 867 759 912; x_wconf 93' lang='lat' dir='ltr'>in</span> <span class='ocrx_word' id='word_1_83' title='bbox 806 867 1014 926; x_wconf 84' lang='lat' dir='ltr'>speciem</span> <span class='ocrx_word' id='word_1_84' title='bbox 1065 865 1338 912; x_wconf 86' lang='lat' dir='ltr'>soloecismi</span> <span class='ocrx_word' id='word_1_85' title='bbox 1385 865 1542 925; x_wconf 88' lang='lat' dir='ltr'>cadat,</span> <span class='ocrx_word' id='word_1_86' title='bbox 1593 863 1866 928; x_wconf 76' lang='grc' dir='ltr'><em>ὑπερβατόν</em></span> 
     </span>
     <span class='ocr_line' id='line_1_12' title="bbox 106 938 1867 1001; baseline -0.002 -14"><span class='ocrx_word' id='word_1_87' title='bbox 106 942 165 987; x_wconf 88' lang='grc'>41</span> <span class='ocrx_word' id='word_1_88' title='bbox 197 956 390 1001; x_wconf 91' lang='lat' dir='ltr'>quoque</span> <span class='ocrx_word' id='word_1_89' title='bbox 423 940 590 986; x_wconf 92' lang='lat' dir='ltr'>eodem</span> <span class='ocrx_word' id='word_1_90' title='bbox 625 939 866 1000; x_wconf 89' lang='lat' dir='ltr'>appellari</span> <span class='ocrx_word' id='word_1_91' title='bbox 895 938 1038 985; x_wconf 92' lang='lat' dir='ltr'>modo</span> <span class='ocrx_word' id='word_1_92' title='bbox 1071 953 1223 1000; x_wconf 89' lang='lat' dir='ltr'>posse.</span> <span class='ocrx_word' id='word_1_93' title='bbox 1263 938 1588 985; x_wconf 88' lang='lat' dir='ltr'>inmutatio</span> <span class='ocrx_word' id='word_1_94' title='bbox 1621 938 1723 985; x_wconf 91' lang='lat' dir='ltr'>sine</span> <span class='ocrx_word' id='word_1_95' title='bbox 1756 953 1867 985; x_wconf 88' lang='lat' dir='ltr'>con-</span> 
     </span>
     <span class='ocr_line' id='line_1_13' title="bbox 194 1012 1867 1073; baseline -0.002 -12"><span class='ocrx_word' id='word_1_96' title='bbox 194 1014 434 1061; x_wconf 87' lang='lat' dir='ltr'>troversia</span> <span class='ocrx_word' id='word_1_97' title='bbox 481 1016 567 1071; x_wconf 91' lang='lat' dir='ltr'>est,</span> <span class='ocrx_word' id='word_1_98' title='bbox 618 1028 724 1060; x_wconf 90' lang='lat' dir='ltr'>cum</span> <span class='ocrx_word' id='word_1_99' title='bbox 774 1012 910 1059; x_wconf 90' lang='lat' dir='ltr'>aliud</span> <span class='ocrx_word' id='word_1_100' title='bbox 947 1027 1035 1072; x_wconf 91' lang='lat' dir='ltr'>pro</span> <span class='ocrx_word' id='word_1_101' title='bbox 1075 1012 1174 1058; x_wconf 89' lang='lat' dir='ltr'>alio</span> <span class='ocrx_word' id='word_1_102' title='bbox 1213 1014 1426 1072; x_wconf 84' lang='lat' dir='ltr'>ponitur.</span> <span class='ocrx_word' id='word_1_103' title='bbox 1488 1012 1539 1057; x_wconf 91' lang='lat' dir='ltr'>id</span> <span class='ocrx_word' id='word_1_104' title='bbox 1576 1028 1663 1073; x_wconf 92' lang='lat' dir='ltr'>per</span> <span class='ocrx_word' id='word_1_105' title='bbox 1703 1026 1867 1058; x_wconf 92' lang='lat' dir='ltr'>omnes</span> 
     </span>
     <span class='ocr_line' id='line_1_14' title="bbox 195 1084 1869 1147; baseline -0.002 -13"><span class='ocrx_word' id='word_1_106' title='bbox 195 1088 434 1134; x_wconf 77' lang='lat' dir='ltr'>orationis</span> <span class='ocrx_word' id='word_1_107' title='bbox 465 1088 621 1147; x_wconf 89' lang='lat' dir='ltr'>partis</span> <span class='ocrx_word' id='word_1_108' title='bbox 654 1086 1012 1147; x_wconf 89' lang='lat' dir='ltr'>deprendimus,</span> <span class='ocrx_word' id='word_1_109' title='bbox 1053 1085 1444 1145; x_wconf 81' lang='lat' dir='ltr'>frequentissime</span> <span class='ocrx_word' id='word_1_110' title='bbox 1476 1086 1527 1131; x_wconf 90' lang='lat' dir='ltr'>in</span> <span class='ocrx_word' id='word_1_111' title='bbox 1558 1085 1720 1144; x_wconf 90' lang='lat' dir='ltr'>verbo,</span> <span class='ocrx_word' id='word_1_112' title='bbox 1753 1084 1869 1146; x_wconf 92' lang='lat' dir='ltr'>quia</span> 
     </span>
     <span class='ocr_line' id='line_1_15' title="bbox 194 1158 1870 1222; baseline -0.001 -16"><span class='ocrx_word' id='word_1_113' title='bbox 194 1161 410 1222; x_wconf 86' lang='lat' dir='ltr'>plurima</span> <span class='ocrx_word' id='word_1_114' title='bbox 446 1160 559 1206; x_wconf 81' lang='lat' dir='ltr'>huic</span> <span class='ocrx_word' id='word_1_115' title='bbox 599 1159 839 1219; x_wconf 88' lang='lat' dir='ltr'>accidunt,</span> <span class='ocrx_word' id='word_1_116' title='bbox 878 1159 1083 1220; x_wconf 90' lang='lat' dir='ltr'>ideoque</span> <span class='ocrx_word' id='word_1_117' title='bbox 1122 1161 1174 1205; x_wconf 95' lang='lat' dir='ltr'>in</span> <span class='ocrx_word' id='word_1_118' title='bbox 1214 1175 1268 1205; x_wconf 92' lang='lat' dir='ltr'>eo</span> <span class='ocrx_word' id='word_1_119' title='bbox 1308 1158 1431 1205; x_wconf 90' lang='lat' dir='ltr'>fiunt</span> <span class='ocrx_word' id='word_1_120' title='bbox 1471 1159 1745 1206; x_wconf 83' lang='lat' dir='ltr'>soloecismi</span> <span class='ocrx_word' id='word_1_121' title='bbox 1782 1174 1870 1219; x_wconf 90' lang='lat' dir='ltr'>per</span> 
     </span>
     <span class='ocr_line' id='line_1_16' title="bbox 197 1228 1868 1296; baseline -0.001 -16"><span class='ocrx_word' id='word_1_122' title='bbox 197 1249 390 1296; x_wconf 90' lang='lat' dir='ltr'>genera,</span> <span class='ocrx_word' id='word_1_123' title='bbox 441 1236 676 1294; x_wconf 86' lang='lat' dir='ltr'>tempora,</span> <span class='ocrx_word' id='word_1_124' title='bbox 726 1248 973 1293; x_wconf 84' lang='lat' dir='ltr'>personas,</span> <span class='ocrx_word' id='word_1_125' title='bbox 1023 1233 1206 1290; x_wconf 91' lang='lat' dir='ltr'>modos,</span> <span class='ocrx_word' id='word_1_126' title='bbox 1261 1234 1362 1279; x_wconf 90' lang='lat' dir='ltr'>sive</span> <span class='ocrx_word' id='word_1_127' title='bbox 1413 1234 1490 1279; x_wconf 85' lang='lat' dir='ltr'>cui</span> <span class='ocrx_word' id='word_1_128' title='bbox 1542 1228 1734 1279; x_wconf 80' lang='lat' dir='ltr'>‘status&#39;</span> <span class='ocrx_word' id='word_1_129' title='bbox 1788 1247 1868 1279; x_wconf 91' lang='lat' dir='ltr'>eos</span> 
     </span>
     <span class='ocr_line' id='line_1_17' title="bbox 197 1303 1869 1367; baseline -0.002 -13"><span class='ocrx_word' id='word_1_130' title='bbox 197 1308 294 1354; x_wconf 93' lang='lat' dir='ltr'>dici</span> <span class='ocrx_word' id='word_1_131' title='bbox 333 1323 416 1354; x_wconf 96' lang='lat' dir='ltr'>seu</span> <span class='ocrx_word' id='word_1_132' title='bbox 459 1303 762 1367; x_wconf 86' lang='lat' dir='ltr'>qualitates&#39;</span> <span class='ocrx_word' id='word_1_133' title='bbox 803 1307 978 1366; x_wconf 88' lang='lat' dir='ltr'>placet,</span> <span class='ocrx_word' id='word_1_134' title='bbox 1018 1306 1095 1352; x_wconf 93' lang='lat' dir='ltr'>vel</span> <span class='ocrx_word' id='word_1_135' title='bbox 1129 1321 1209 1352; x_wconf 81' lang='lat' dir='ltr'>sex</span> <span class='ocrx_word' id='word_1_136' title='bbox 1241 1306 1318 1352; x_wconf 89' lang='lat' dir='ltr'>vel</span> <span class='ocrx_word' id='word_1_137' title='bbox 1350 1308 1406 1352; x_wconf 92' lang='lat' dir='ltr'>ut</span> <span class='ocrx_word' id='word_1_138' title='bbox 1439 1305 1524 1351; x_wconf 89' lang='lat' dir='ltr'>alii</span> <span class='ocrx_word' id='word_1_139' title='bbox 1556 1306 1729 1352; x_wconf 90' lang='lat' dir='ltr'>volunt</span> <span class='ocrx_word' id='word_1_140' title='bbox 1760 1308 1869 1352; x_wconf 90' lang='lat' dir='ltr'>octo</span> 
     </span>
     <span class='ocr_line' id='line_1_18' title="bbox 196 1375 1869 1446; baseline -0.002 -18"><span class='ocrx_word' id='word_1_141' title='bbox 196 1375 335 1446; x_wconf 86' lang='lat' dir='ltr'>(nam</span> <span class='ocrx_word' id='word_1_142' title='bbox 396 1379 603 1426; x_wconf 88' lang='lat' dir='ltr'>totidem</span> <span class='ocrx_word' id='word_1_143' title='bbox 657 1380 889 1427; x_wconf 87' lang='lat' dir='ltr'>vitiorum</span> <span class='ocrx_word' id='word_1_144' title='bbox 945 1383 1086 1426; x_wconf 89' lang='lat' dir='ltr'>erunt</span> <span class='ocrx_word' id='word_1_145' title='bbox 1139 1379 1347 1438; x_wconf 86' lang='lat' dir='ltr'>formae,</span> <span class='ocrx_word' id='word_1_146' title='bbox 1408 1379 1459 1424; x_wconf 91' lang='lat' dir='ltr'>in</span> <span class='ocrx_word' id='word_1_147' title='bbox 1513 1381 1633 1439; x_wconf 90' lang='lat' dir='ltr'>quot</span> <span class='ocrx_word' id='word_1_148' title='bbox 1686 1380 1869 1438; x_wconf 90' lang='lat' dir='ltr'>species</span> 
     </span>
     <span class='ocr_line' id='line_1_19' title="bbox 198 1445 1870 1516; baseline -0.001 -16"><span class='ocrx_word' id='word_1_149' title='bbox 198 1471 363 1501; x_wconf 87' lang='lat' dir='ltr'>eorum</span> <span class='ocrx_word' id='word_1_150' title='bbox 414 1454 641 1514; x_wconf 92' lang='lat' dir='ltr'>quidque,</span> <span class='ocrx_word' id='word_1_151' title='bbox 698 1453 755 1500; x_wconf 92' lang='lat' dir='ltr'>de</span> <span class='ocrx_word' id='word_1_152' title='bbox 807 1453 982 1513; x_wconf 86' lang='lat' dir='ltr'>quibus</span> <span class='ocrx_word' id='word_1_153' title='bbox 1033 1468 1181 1513; x_wconf 87' lang='lat' dir='ltr'>supra</span> <span class='ocrx_word' id='word_1_154' title='bbox 1232 1453 1415 1499; x_wconf 85' lang='lat' dir='ltr'>dictum</span> <span class='ocrx_word' id='word_1_155' title='bbox 1455 1455 1542 1510; x_wconf 89' lang='lat' dir='ltr'>est,</span> <span class='ocrx_word' id='word_1_156' title='bbox 1597 1445 1870 1516; x_wconf 82' lang='lat' dir='ltr'>diviseris):</span> 
     </span>
     <span class='ocr_line' id='line_1_20' title="bbox 109 1525 1872 1606; baseline -0.002 -32"><span class='ocrx_word' id='word_1_157' title='bbox 109 1529 172 1574; x_wconf 82' lang='lat'>42</span> <span class='ocrx_word' id='word_1_158' title='bbox 198 1530 453 1589; x_wconf 84' lang='lat' dir='ltr'>praeterea</span> <span class='ocrx_word' id='word_1_159' title='bbox 491 1542 731 1586; x_wconf 89' lang='lat' dir='ltr'>numeros,</span> <span class='ocrx_word' id='word_1_160' title='bbox 770 1528 822 1573; x_wconf 92' lang='lat' dir='ltr'>in</span> <span class='ocrx_word' id='word_1_161' title='bbox 862 1526 1040 1586; x_wconf 88' lang='lat' dir='ltr'>quibus</span> <span class='ocrx_word' id='word_1_162' title='bbox 1080 1542 1166 1573; x_wconf 91' lang='lat' dir='ltr'>nos</span> <span class='ocrx_word' id='word_1_163' title='bbox 1207 1526 1504 1587; x_wconf 84' lang='lat' dir='ltr'>singularem</span> <span class='ocrx_word' id='word_1_164' title='bbox 1542 1541 1597 1572; x_wconf 90' lang='lat' dir='ltr'>ac</span> <span class='ocrx_word' id='word_1_165' title='bbox 1627 1525 1872 1606; x_wconf 86' lang='lat' dir='ltr'>pluralem</span> 
     </span>
     <span class='ocr_line' id='line_1_21' title="bbox 197 1598 1872 1660; baseline -0.002 -13"><span class='ocrx_word' id='word_1_166' title='bbox 197 1601 447 1660; x_wconf 89' lang='lat' dir='ltr'>habemus,</span> <span class='ocrx_word' id='word_1_167' title='bbox 495 1598 669 1647; x_wconf 88' lang='lat' dir='ltr'>Graeci</span> <span class='ocrx_word' id='word_1_168' title='bbox 707 1605 756 1647; x_wconf 91' lang='lat' dir='ltr'>et</span> <span class='ocrx_word' id='word_1_169' title='bbox 796 1598 979 1646; x_wconf 56' lang='lat' dir='ltr'>‹ivl-nov.</span> <span class='ocrx_word' id='word_1_170' title='bbox 1037 1615 1333 1660; x_wconf 89' lang='lat' dir='ltr'>quamquam</span> <span class='ocrx_word' id='word_1_171' title='bbox 1373 1600 1572 1646; x_wconf 86' lang='lat' dir='ltr'>fuerunt</span> <span class='ocrx_word' id='word_1_172' title='bbox 1612 1598 1695 1658; x_wconf 90' lang='lat' dir='ltr'>qui</span> <span class='ocrx_word' id='word_1_173' title='bbox 1733 1598 1872 1645; x_wconf 87' lang='lat' dir='ltr'>nobis</span> 
     </span>
     <span class='ocr_line' id='line_1_22' title="bbox 199 1668 1872 1735; baseline -0.002 -15"><span class='ocrx_word' id='word_1_174' title='bbox 199 1690 391 1735; x_wconf 87' lang='lat' dir='ltr'>quoque</span> <span class='ocrx_word' id='word_1_175' title='bbox 424 1673 670 1720; x_wconf 89' lang='lat' dir='ltr'>adicerent</span> <span class='ocrx_word' id='word_1_176' title='bbox 702 1674 897 1720; x_wconf 88' lang='lat' dir='ltr'>dualem</span> <span class='ocrx_word' id='word_1_177' title='bbox 931 1669 1185 1734; x_wconf 81' lang='lat' dir='ltr'>‘scripsere</span> <span class='ocrx_word' id='word_1_178' title='bbox 1216 1668 1418 1735; x_wconf 85' lang='lat' dir='ltr'>legere&#39;:</span> <span class='ocrx_word' id='word_1_179' title='bbox 1453 1672 1583 1733; x_wconf 89' lang='lat' dir='ltr'>quod</span> <span class='ocrx_word' id='word_1_180' title='bbox 1614 1671 1872 1718; x_wconf 83' lang='lat' dir='ltr'>evitandae</span> 
     </span>
     <span class='ocr_line' id='line_1_23' title="bbox 200 1741 1873 1809; baseline -0.001 -15"><span class='ocrx_word' id='word_1_181' title='bbox 200 1747 483 1809; x_wconf 87' lang='lat' dir='ltr'>asperitatis</span> <span class='ocrx_word' id='word_1_182' title='bbox 523 1747 685 1809; x_wconf 89' lang='lat' dir='ltr'>gratia</span> <span class='ocrx_word' id='word_1_183' title='bbox 723 1747 969 1794; x_wconf 89' lang='lat' dir='ltr'>mollitum</span> <span class='ocrx_word' id='word_1_184' title='bbox 1010 1750 1097 1803; x_wconf 89' lang='lat' dir='ltr'>est,</span> <span class='ocrx_word' id='word_1_185' title='bbox 1136 1750 1191 1793; x_wconf 92' lang='lat' dir='ltr'>ut</span> <span class='ocrx_word' id='word_1_186' title='bbox 1223 1747 1355 1806; x_wconf 88' lang='lat' dir='ltr'>apud</span> <span class='ocrx_word' id='word_1_187' title='bbox 1386 1749 1572 1792; x_wconf 88' lang='lat' dir='ltr'>veteres</span> <span class='ocrx_word' id='word_1_188' title='bbox 1604 1762 1692 1805; x_wconf 90' lang='lat' dir='ltr'>pro</span> <span class='ocrx_word' id='word_1_189' title='bbox 1727 1741 1873 1792; x_wconf 74' lang='lat' dir='ltr'>‘male</span> 
     </span>
     <span class='ocr_line' id='line_1_24' title="bbox 199 1817 1872 1881; baseline -0.001 -14"><span class='ocrx_word' id='word_1_190' title='bbox 199 1817 415 1868; x_wconf 88' lang='lat' dir='ltr'>mereris&#39;</span> <span class='ocrx_word' id='word_1_191' title='bbox 461 1817 605 1867; x_wconf 83' lang='lat' dir='ltr'>‘male</span> <span class='ocrx_word' id='word_1_192' title='bbox 646 1817 863 1880; x_wconf 89' lang='lat' dir='ltr'>merere’,</span> <span class='ocrx_word' id='word_1_193' title='bbox 902 1820 1110 1881; x_wconf 88' lang='lat' dir='ltr'>ideoque</span> <span class='ocrx_word' id='word_1_194' title='bbox 1150 1820 1280 1880; x_wconf 89' lang='lat' dir='ltr'>quod</span> <span class='ocrx_word' id='word_1_195' title='bbox 1320 1823 1497 1867; x_wconf 89' lang='lat' dir='ltr'>vocant</span> <span class='ocrx_word' id='word_1_196' title='bbox 1529 1819 1672 1865; x_wconf 89' lang='lat' dir='ltr'>duale</span> <span class='ocrx_word' id='word_1_197' title='bbox 1702 1818 1751 1864; x_wconf 90' lang='lat' dir='ltr'>in</span> <span class='ocrx_word' id='word_1_198' title='bbox 1785 1818 1872 1865; x_wconf 88' lang='lat' dir='ltr'>illo</span> 
     </span>
     <span class='ocr_line' id='line_1_25' title="bbox 201 1891 1873 1956; baseline -0.002 -15"><span class='ocrx_word' id='word_1_199' title='bbox 201 1896 302 1942; x_wconf 91' lang='lat' dir='ltr'>solo</span> <span class='ocrx_word' id='word_1_200' title='bbox 358 1910 531 1956; x_wconf 86' lang='lat' dir='ltr'>genere</span> <span class='ocrx_word' id='word_1_201' title='bbox 587 1896 824 1954; x_wconf 76' lang='lat' dir='ltr'>consistit,</span> <span class='ocrx_word' id='word_1_202' title='bbox 879 1908 988 1940; x_wconf 85' lang='lat' dir='ltr'>eum</span> <span class='ocrx_word' id='word_1_203' title='bbox 1042 1893 1171 1954; x_wconf 89' lang='lat' dir='ltr'>apud</span> <span class='ocrx_word' id='word_1_204' title='bbox 1223 1891 1431 1940; x_wconf 85' lang='lat' dir='ltr'>Graecos</span> <span class='ocrx_word' id='word_1_205' title='bbox 1484 1895 1532 1938; x_wconf 90' lang='lat' dir='ltr'>et</span> <span class='ocrx_word' id='word_1_206' title='bbox 1580 1892 1718 1939; x_wconf 88' lang='lat' dir='ltr'>verbi</span> <span class='ocrx_word' id='word_1_207' title='bbox 1766 1894 1873 1939; x_wconf 90' lang='lat' dir='ltr'>tota</span> 
     </span>
     <span class='ocr_line' id='line_1_26' title="bbox 199 1967 1873 2027; baseline -0.002 -13"><span class='ocrx_word' id='word_1_208' title='bbox 199 1970 299 2015; x_wconf 85' lang='lat' dir='ltr'>fere</span> <span class='ocrx_word' id='word_1_209' title='bbox 354 1969 544 2014; x_wconf 90' lang='lat' dir='ltr'>ratione</span> <span class='ocrx_word' id='word_1_210' title='bbox 595 1970 643 2014; x_wconf 89' lang='lat' dir='ltr'>et</span> <span class='ocrx_word' id='word_1_211' title='bbox 691 1969 740 2013; x_wconf 89' lang='lat' dir='ltr'>in</span> <span class='ocrx_word' id='word_1_212' title='bbox 790 1967 1066 2014; x_wconf 84' lang='lat' dir='ltr'>nominibus</span> <span class='ocrx_word' id='word_1_213' title='bbox 1114 1967 1442 2027; x_wconf 88' lang='lat' dir='ltr'>deprendatur</span> <span class='ocrx_word' id='word_1_214' title='bbox 1488 1968 1535 2012; x_wconf 89' lang='lat' dir='ltr'>et</span> <span class='ocrx_word' id='word_1_215' title='bbox 1574 1967 1641 2012; x_wconf 93' lang='lat' dir='ltr'>sic</span> <span class='ocrx_word' id='word_1_216' title='bbox 1682 1981 1873 2027; x_wconf 88' lang='lat' dir='ltr'>quoque</span> 
     </span>
     <span class='ocr_line' id='line_1_27' title="bbox 113 2039 1874 2100; baseline -0.002 -13"><span class='ocrx_word' id='word_1_217' title='bbox 113 2043 175 2087; x_wconf 83' lang='lat'>43</span> <span class='ocrx_word' id='word_1_218' title='bbox 200 2043 478 2088; x_wconf 79' lang='lat' dir='ltr'>rarissimus</span> <span class='ocrx_word' id='word_1_219' title='bbox 530 2042 594 2087; x_wconf 88' lang='lat' dir='ltr'>sit</span> <span class='ocrx_word' id='word_1_220' title='bbox 644 2042 746 2088; x_wconf 91' lang='lat' dir='ltr'>eius</span> <span class='ocrx_word' id='word_1_221' title='bbox 793 2056 922 2100; x_wconf 87' lang='lat' dir='ltr'>usus,</span> <span class='ocrx_word' id='word_1_222' title='bbox 974 2040 1103 2100; x_wconf 88' lang='lat' dir='ltr'>apud</span> <span class='ocrx_word' id='word_1_223' title='bbox 1154 2043 1433 2087; x_wconf 90' lang='lat' dir='ltr'>nostrorum</span> <span class='ocrx_word' id='word_1_224' title='bbox 1479 2054 1592 2085; x_wconf 88' lang='lat' dir='ltr'>vero</span> <span class='ocrx_word' id='word_1_225' title='bbox 1632 2039 1874 2085; x_wconf 83' lang='lat' dir='ltr'>neminem</span> 
     </span>
     <span class='ocr_line' id='line_1_28' title="bbox 200 2114 1466 2175; baseline -0.001 -14"><span class='ocrx_word' id='word_1_226' title='bbox 200 2116 319 2162; x_wconf 90' lang='lat' dir='ltr'>haec</span> <span class='ocrx_word' id='word_1_227' title='bbox 359 2115 633 2162; x_wconf 88' lang='lat' dir='ltr'>observatio</span> <span class='ocrx_word' id='word_1_228' title='bbox 672 2116 958 2175; x_wconf 87' lang='lat' dir='ltr'>reperiatur,</span> <span class='ocrx_word' id='word_1_229' title='bbox 999 2115 1116 2174; x_wconf 90' lang='lat' dir='ltr'>quin</span> <span class='ocrx_word' id='word_1_230' title='bbox 1158 2129 1181 2159; x_wconf 92' lang='lat' dir='ltr'>e</span> <span class='ocrx_word' id='word_1_231' title='bbox 1222 2114 1466 2160; x_wconf 84' lang='lat' dir='ltr'>contrario</span> 
     </span>
     <span class='ocr_line' id='line_1_29' title="bbox 352 2184 787 2235; baseline 0.002 -2"><span class='ocrx_word' id='word_1_232' title='bbox 352 2185 601 2235; x_wconf 79' lang='lat' dir='ltr'>‘devenere</span> <span class='ocrx_word' id='word_1_233' title='bbox 638 2184 787 2235; x_wconf 86' lang='lat' dir='ltr'>locos&#39;</span> 
     </span>
     <span class='ocr_line' id='line_1_30' title="bbox 277 2257 881 2308; baseline 0 0"><span class='ocrx_word' id='word_1_234' title='bbox 277 2265 325 2308; x_wconf 90' lang='lat' dir='ltr'>et</span> <span class='ocrx_word' id='word_1_235' title='bbox 366 2258 657 2308; x_wconf 77' lang='lat' dir='ltr'>‘conticuere</span> <span class='ocrx_word' id='word_1_236' title='bbox 698 2257 881 2308; x_wconf 87' lang='lat' dir='ltr'>omnes&#39;</span> 
     </span>
     <span class='ocr_line' id='line_1_31' title="bbox 278 2331 842 2382; baseline -0.004 0"><span class='ocrx_word' id='word_1_237' title='bbox 278 2338 324 2382; x_wconf 91' lang='lat' dir='ltr'>et</span> <span class='ocrx_word' id='word_1_238' title='bbox 366 2331 638 2382; x_wconf 83' lang='lat' dir='ltr'>‘consedere</span> <span class='ocrx_word' id='word_1_239' title='bbox 680 2331 842 2381; x_wconf 83' lang='lat' dir='ltr'>duces&#39;</span> 
     </span>
    </p>
   </div>
   <div class='ocr_carea' id='block_1_3' title="bbox 323 2486 1869 2541">
    <p class='ocr_par' dir='ltr' id='par_1_3' title="bbox 323 2486 1869 2541">
     <span class='ocr_line' id='line_1_32' title="bbox 323 2486 1869 2541; baseline -0.003 -10"><span class='ocrx_word' id='word_1_240' title='bbox 323 2494 376 2532; x_wconf 82' lang='lat'>28</span> <span class='ocrx_word' id='word_1_241' title='bbox 408 2490 520 2532; x_wconf 92' lang='lat' dir='ltr'>Aen.</span> <span class='ocrx_word' id='word_1_242' title='bbox 557 2496 594 2541; x_wconf 85' lang='lat'>1,</span> <span class='ocrx_word' id='word_1_243' title='bbox 629 2494 711 2531; x_wconf 71' lang='lat'>365</span> <span class='ocrx_word' id='word_1_244' title='bbox 756 2515 804 2520; x_wconf 87' lang='lat'><strong>—</strong></span> <span class='ocrx_word' id='word_1_245' title='bbox 852 2493 905 2531; x_wconf 79' lang='lat'>29</span> <span class='ocrx_word' id='word_1_246' title='bbox 939 2489 1000 2531; x_wconf 91' lang='lat' dir='ltr'>ib.</span> <span class='ocrx_word' id='word_1_247' title='bbox 1036 2494 1074 2540; x_wconf 77' lang='lat'>2,</span> <span class='ocrx_word' id='word_1_248' title='bbox 1111 2495 1132 2531; x_wconf 90' lang='lat'>1</span> <span class='ocrx_word' id='word_1_249' title='bbox 1175 2515 1232 2519; x_wconf 94' lang='lat'>—</span> <span class='ocrx_word' id='word_1_250' title='bbox 1274 2492 1327 2530; x_wconf 89' lang='lat'>30</span> <span class='ocrx_word' id='word_1_251' title='bbox 1363 2487 1491 2530; x_wconf 87' lang='lat' dir='ltr'>Ovid.</span> <span class='ocrx_word' id='word_1_252' title='bbox 1525 2486 1711 2529; x_wconf 85' lang='lat' dir='ltr'>Metam.</span> <span class='ocrx_word' id='word_1_253' title='bbox 1748 2490 1816 2538; x_wconf 87' lang='lat'>13,</span> <span class='ocrx_word' id='word_1_254' title='bbox 1851 2491 1869 2527; x_wconf 87' lang='lat'>1</span> 
     </span>
    </p>
   </div>
   <div class='ocr_carea' id='block_1_4' title="bbox 206 2618 1874 2913">
    <p class='ocr_par' dir='ltr' id='par_1_4' title="bbox 206 2618 1874 2913">
     <span class='ocr_line' id='line_1_33' title="bbox 326 2618 1872 2677; baseline -0.003 -13"><span class='ocrx_word' id='word_1_255' title='bbox 326 2628 347 2664; x_wconf 90' lang='lat'>1</span> <span class='ocrx_word' id='word_1_256' title='bbox 394 2625 447 2664; x_wconf 88' lang='grc'>111-</span> <span class='ocrx_word' id='word_1_257' title='bbox 481 2628 583 2677; x_wconf 67' lang='lat' dir='ltr'>pos-t</span> <span class='ocrx_word' id='word_1_258' title='bbox 623 2621 880 2664; x_wconf 87' lang='lat' dir='ltr'>adiectione</span> <span class='ocrx_word' id='word_1_259' title='bbox 920 2622 1013 2664; x_wconf 80' lang='lat' dir='ltr'>add</span> <span class='ocrx_word' id='word_1_260' title='bbox 1052 2629 1139 2662; x_wconf 85' lang='lat' dir='ltr'>BP</span> <span class='ocrx_word' id='word_1_261' title='bbox 1171 2623 1175 2675; x_wconf 85' lang='grc' dir='ltr'>Ι</span> <span class='ocrx_word' id='word_1_262' title='bbox 1211 2634 1316 2662; x_wconf 88' lang='lat' dir='ltr'>nam</span> <span class='ocrx_word' id='word_1_263' title='bbox 1358 2619 1480 2661; x_wconf 91' lang='lat' dir='ltr'>enim</span> <span class='ocrx_word' id='word_1_264' title='bbox 1520 2618 1734 2661; x_wconf 90' lang='lat' dir='ltr'>desusum</span> <span class='ocrx_word' id='word_1_265' title='bbox 1772 2625 1872 2659; x_wconf 81' lang='lat' dir='ltr'>AB:</span> 
     </span>
     <span class='ocr_line' id='line_1_34' title="bbox 206 2676 1874 2724; baseline -0.003 -1"><span class='ocrx_word' id='word_1_266' title='bbox 206 2682 418 2724; x_wconf 75' lang='lat' dir='ltr'>(Iistznoeit</span> <span class='ocrx_word' id='word_1_267' title='bbox 454 2682 495 2723; x_wconf 84' lang='lat' dir='ltr'><em>T</em></span> <span class='ocrx_word' id='word_1_268' title='bbox 492 2681 753 2724; x_wconf 66' lang='lat' dir='ltr'>oernebladh</span> <span class='ocrx_word' id='word_1_269' title='bbox 788 2680 890 2722; x_wconf 85' lang='lat' dir='ltr'>veni</span> <span class='ocrx_word' id='word_1_270' title='bbox 924 2681 980 2723; x_wconf 87' lang='lat' dir='ltr'>de</span> <span class='ocrx_word' id='word_1_271' title='bbox 1013 2680 1128 2722; x_wconf 84' lang='lat' dir='ltr'>susis</span> <span class='ocrx_word' id='word_1_272' title='bbox 1162 2687 1206 2721; x_wconf 87' lang='lat' dir='ltr'><em>P</em></span> <span class='ocrx_word' id='word_1_273' title='bbox 1322 2682 1346 2720; x_wconf 89' lang='grc'>8</span> <span class='ocrx_word' id='word_1_274' title='bbox 1381 2678 1606 2719; x_wconf 89' lang='lat' dir='ltr'>diducunt</span> <span class='ocrx_word' id='word_1_275' title='bbox 1637 2685 1697 2719; x_wconf 88' lang='lat' dir='ltr'>P:</span> <span class='ocrx_word' id='word_1_276' title='bbox 1732 2676 1874 2718; x_wconf 89' lang='lat' dir='ltr'>dedu-</span> 
     </span>
     <span class='ocr_line' id='line_1_35' title="bbox 207 2735 1874 2790; baseline -0.003 -9"><span class='ocrx_word' id='word_1_277' title='bbox 207 2743 317 2783; x_wconf 87' lang='lat' dir='ltr'>cunt</span> <span class='ocrx_word' id='word_1_278' title='bbox 348 2748 384 2780; x_wconf 77' lang='lat' dir='ltr'><strong><em>A</em></strong></span> <span class='ocrx_word' id='word_1_279' title='bbox 447 2738 607 2781; x_wconf 91' lang='lat' dir='ltr'>dicunt</span> <span class='ocrx_word' id='word_1_280' title='bbox 639 2747 683 2780; x_wconf 86' lang='lat' dir='ltr'><em>B</em></span> <span class='ocrx_word' id='word_1_281' title='bbox 801 2743 854 2781; x_wconf 90' lang='grc'>10</span> <span class='ocrx_word' id='word_1_282' title='bbox 888 2739 1060 2781; x_wconf 88' lang='lat' dir='ltr'>cadunt</span> <span class='ocrx_word' id='word_1_283' title='bbox 1091 2746 1127 2779; x_wconf 73' lang='lat' dir='ltr'><strong><em>A</em></strong></span> <span class='ocrx_word' id='word_1_284' title='bbox 1250 2742 1302 2779; x_wconf 77' lang='lat'>15</span> <span class='ocrx_word' id='word_1_285' title='bbox 1337 2737 1410 2779; x_wconf 90' lang='lat' dir='ltr'>cui</span> <span class='ocrx_word' id='word_1_286' title='bbox 1443 2735 1504 2778; x_wconf 89' lang='grc' dir='ltr'>Ρ·</span> <span class='ocrx_word' id='word_1_287' title='bbox 1507 2745 1592 2778; x_wconf 74' lang='lat' dir='ltr'>ab:</span> <span class='ocrx_word' id='word_1_288' title='bbox 1628 2736 1736 2790; x_wconf 85' lang='lat' dir='ltr'>quia</span> <span class='ocrx_word' id='word_1_289' title='bbox 1767 2735 1874 2777; x_wconf 80' lang='grc' dir='ltr'>ΒΡι</span> 
     </span>
     <span class='ocr_line' id='line_1_36' title="bbox 207 2794 1874 2848; baseline -0.004 -6"><span class='ocrx_word' id='word_1_290' title='bbox 207 2813 288 2842; x_wconf 87' lang='lat' dir='ltr'>om.</span> <span class='ocrx_word' id='word_1_291' title='bbox 330 2806 366 2839; x_wconf 81' lang='lat' dir='ltr'><strong><em>A</em></strong></span> <span class='ocrx_word' id='word_1_292' title='bbox 509 2802 562 2839; x_wconf 82' lang='lat'>23</span> <span class='ocrx_word' id='word_1_293' title='bbox 608 2797 743 2840; x_wconf 87' lang='lat' dir='ltr'>duale</span> <span class='ocrx_word' id='word_1_294' title='bbox 787 2805 891 2839; x_wconf 83' lang='lat' dir='ltr'>BP:</span> <span class='ocrx_word' id='word_1_295' title='bbox 940 2797 1124 2840; x_wconf 88' lang='lat' dir='ltr'>dualem</span> <span class='ocrx_word' id='word_1_296' title='bbox 1167 2804 1203 2837; x_wconf 81' lang='grc' dir='ltr'><strong><em>Α</em></strong></span> <span class='ocrx_word' id='word_1_297' title='bbox 1246 2796 1321 2839; x_wconf 81' lang='lat' dir='ltr'>sed</span> <span class='ocrx_word' id='word_1_298' title='bbox 1363 2796 1419 2836; x_wconf 57' lang='grc' dir='ltr'>Α]</span> <span class='ocrx_word' id='word_1_299' title='bbox 1465 2796 1623 2837; x_wconf 62' lang='lat' dir='ltr'>omisso</span> <span class='ocrx_word' id='word_1_300' title='bbox 1665 2794 1715 2836; x_wconf 90' lang='lat' dir='ltr'>in</span> <span class='ocrx_word' id='word_1_301' title='bbox 1757 2794 1874 2848; x_wconf 79' lang='lat' dir='ltr'>quod</span> 
     </span>
     <span class='ocr_line' id='line_1_37' title="bbox 206 2852 1870 2913; baseline -0.004 -14"><span class='ocrx_word' id='word_1_302' title='bbox 206 2858 419 2913; x_wconf 76' lang='lat' dir='ltr'>sequitur,</span> <span class='ocrx_word' id='word_1_303' title='bbox 451 2862 502 2900; x_wconf 78' lang='lat' dir='ltr'>ut</span> <span class='ocrx_word' id='word_1_304' title='bbox 532 2871 585 2900; x_wconf 79' lang='lat' dir='ltr'>ex</span> <span class='ocrx_word' id='word_1_305' title='bbox 617 2856 753 2898; x_wconf 88' lang='lat' dir='ltr'>duale</span> <span class='ocrx_word' id='word_1_306' title='bbox 785 2856 833 2898; x_wconf 91' lang='lat' dir='ltr'>in</span> <span class='ocrx_word' id='word_1_307' title='bbox 864 2857 1107 2910; x_wconf 75' lang='lat' dir='ltr'>conflatum</span> <span class='ocrx_word' id='word_1_308' title='bbox 1131 2856 1337 2899; x_wconf 70' lang='lat' dir='ltr'>videatur</span> <span class='ocrx_word' id='word_1_309' title='bbox 1428 2859 1482 2895; x_wconf 75' lang='lat'>24</span> <span class='ocrx_word' id='word_1_310' title='bbox 1515 2855 1561 2895; x_wconf 91' lang='lat' dir='ltr'>et</span> <span class='ocrx_word' id='word_1_311' title='bbox 1585 2853 1633 2895; x_wconf 89' lang='lat' dir='ltr'>in</span> <span class='ocrx_word' id='word_1_312' title='bbox 1656 2852 1784 2895; x_wconf 90' lang='lat' dir='ltr'>verbi</span> <span class='ocrx_word' id='word_1_313' title='bbox 1807 2860 1870 2893; x_wconf 74' lang='lat' dir='ltr'>ab</span> 
     </span>
    </p>
   </div>
   <div class='ocr_carea' id='block_1_5' title="bbox 1892 862 2007 915">
    <p class='ocr_par' dir='ltr' id='par_1_5' title="bbox 1892 862 2007 915">
     <span class='ocr_line' id='line_1_38' title="bbox 1892 862 2007 915; baseline -0.009 0"><span class='ocrx_word' id='word_1_314' title='bbox 1892 862 2007 915; x_wconf 79' lang='lat'>10³</span> 
     </span>
    </p>
   </div>
   <div class='ocr_carea' id='block_1_6' title="bbox 1895 1249 1935 1281">
    <p class='ocr_par' dir='ltr' id='par_1_6' title="bbox 1895 1249 1935 1281">
     <span class='ocr_line' id='line_1_39' title="bbox 1895 1249 1935 1281; baseline -0.025 0"><span class='ocrx_word' id='word_1_315' title='bbox 1895 1249 1935 1281; x_wconf 88' lang='lat'>15</span> 
     </span>
    </p>
   </div>
   <div class='ocr_carea' id='block_1_7' title="bbox 1897 1616 1939 1647">
    <p class='ocr_par' dir='ltr' id='par_1_7' title="bbox 1897 1616 1939 1647">
     <span class='ocr_line' id='line_1_40' title="bbox 1897 1616 1939 1647; baseline 0 0"><span class='ocrx_word' id='word_1_316' title='bbox 1897 1616 1939 1647; x_wconf 84' lang='lat'>20</span> 
     </span>
    </p>
   </div>
   <div class='ocr_carea' id='block_1_8' title="bbox 1897 1982 1938 2013">
    <p class='ocr_par' dir='ltr' id='par_1_8' title="bbox 1897 1982 1938 2013">
     <span class='ocr_line' id='line_1_41' title="bbox 1897 1982 1938 2013; baseline 0 0"><span class='ocrx_word' id='word_1_317' title='bbox 1897 1982 1938 2013; x_wconf 84' lang='lat'>25</span> 
     </span>
    </p>
   </div>
   <div class='ocr_carea' id='block_1_9' title="bbox 1893 2348 1936 2380">
    <p class='ocr_par' dir='ltr' id='par_1_9' title="bbox 1893 2348 1936 2380">
     <span class='ocr_line' id='line_1_42' title="bbox 1893 2348 1936 2380; baseline -0.023 0"><span class='ocrx_word' id='word_1_318' title='bbox 1893 2348 1936 2380; x_wconf 82' lang='lat'>30</span> 
     </span>
    </p>
   </div>
   <div class='ocr_carea' id='block_1_10' title="bbox 1951 964 2007 3120">
    <p class='ocr_par' dir='ltr' id='par_1_10' title="bbox 1951 964 2007 3120">
     <span class='ocr_line' id='line_1_43' title="bbox 1951 964 2007 3120; baseline 0 0"><span class='ocrx_word' id='word_1_319' title='bbox 1951 964 2007 3120; x_wconf 95' lang='lat' dir='ltr'> </span> 
     </span>
    </p>
   </div>
  </div>
 </body>
</html>
