2055 3130
258 54 366 105 236
636 85 645 94 ·
757 56 1132 108 QVINTILIANI
1159 57 1308 102 INST.
1344 59 1436 102 ΟΒ.

260 194 324 240 ad
354 194 514 254 ipsam
547 209 744 241 causam
775 195 1150 256 pertinentibus,
1182 197 1310 243 unde
1343 199 1493 244 etiam
1523 214 1698 246 nomen
1732 199 1933 246 ductum

261 270 349 327 est,
390 268 560 327 qualia
597 269 649 313 in
690 267 1018 328 Oppianicum
1055 269 1190 316 facta
1229 270 1456 317 dicuntur
1495 274 1544 318 et
1583 287 1612 318 a
1651 274 1824 319 senatu
1849 273 1932 319 ad-

258 354 427 387 versus
467 340 724 387 Milonem:
776 344 861 387 aut
901 356 1010 388 cum
1049 342 1107 389 de
1149 343 1318 389 eadem
1366 358 1512 391 causa
1557 346 1933 405 pronuntiatum

262 416 349 472 est,
389 416 444 459 ut
482 415 534 458 in
572 415 668 460 reis
709 414 981 474 deportatis
1023 418 1072 461 et
1111 415 1388 463 adsertione
1428 418 1640 465 secunda
1687 421 1735 465 et
1779 421 1933 479 parti-

258 487 348 533 bus
389 487 840 546 centumviralium,
889 503 1013 548 quae
1059 490 1110 534 in
1166 489 1286 536 duas
1340 489 1507 538 hastas
1563 491 1750 538 divisae
1804 494 1932 539 sunt.
1980 510 2000 541 5

198 559 229 603 2
263 559 616 606 confirmantur
668 563 931 622 praecipue
994 561 1202 608 duobus:
1257 565 1551 610 auctoritate
1605 580 1792 624 eorum,
1848 567 1936 626 qui

259 634 719 693 pronuntiaverunt,
760 637 808 681 et
847 634 1168 682 similitudine
1206 651 1384 696 rerum,
1431 637 1489 684 de
1529 638 1704 697 quibus
1744 640 1934 698 quaeri-

259 709 363 765 tur,
401 706 696 753 refelluntur
729 710 892 753 autem
923 723 1034 754 raro
1067 724 1156 768 per
1188 710 1536 757 contumeliam
1566 711 1805 757 iudicum:
1838 713 1936 758 nisi

260 780 387 826 forte
426 781 690 826 manifesta
714 780 764 826 in
797 781 872 828 his
906 782 1050 842 culpa
1090 783 1203 841 erit;
1245 783 1351 829 vult
1384 785 1510 829 enim
1539 784 1935 846 cognoscentium

261 855 469 914 quisque
501 853 689 900 firmam
725 868 827 901 esse
860 855 1061 902 alterius
1095 858 1404 916 sententiam,
1445 860 1494 903 et
1517 858 1622 918 ipse
1646 859 1933 918 pronuntia·
1959 876 2002 906 ιο
2033 894 2036 897 -

259 929 413 986 turus,
455 942 542 973 nec
582 927 792 973 libenter
825 929 1113 988 exemplum,
1155 929 1284 989 quod
1315 931 1366 975 in
1399 946 1447 977 se
1487 930 1696 978 fortasse
1732 931 1932 991 recidat,

198 999 228 1043 3
263 1000 396 1047 facit.
438 1000 815 1062 confugiendum
856 1017 969 1064 ergo
1021 1004 1095 1048 est
1142 1003 1195 1048 in
1250 1003 1436 1050 duobus
1492 1004 1840 1065 superioribus,
1895 1004 1935 1051 si

257 1088 334 1120 res
375 1074 513 1132 feret,
554 1074 614 1120 ad
656 1075 874 1134 aliquam
914 1075 1367 1122 dissimilitudinem
1407 1092 1597 1136 causae,
1647 1079 1729 1124 vix
1769 1082 1935 1124 autem

257 1146 362 1192 ulla
402 1151 475 1194 est
513 1163 600 1208 per
639 1149 803 1194 omnia
844 1149 988 1195 alteri
1027 1149 1216 1196 similis.
1258 1150 1297 1196 si
1337 1150 1388 1195 id
1427 1167 1525 1198 non
1566 1153 1818 1213 continget
1849 1154 1936 1198 aut

258 1219 427 1266 eadem
467 1235 615 1267 causa
657 1223 764 1279 erit,
805 1224 1052 1269 actionum
1091 1223 1360 1269 incusanda
1399 1225 1712 1285 neglegentia
1752 1227 1838 1271 aut
1876 1224 1934 1271 de
1961 1242 2003 1274 15

257 1293 547 1340 infirmitate
587 1309 906 1354 personarum
948 1296 1264 1355 querendum,
1304 1299 1475 1343 contra
1516 1313 1636 1358 quas
1677 1297 1770 1344 erit
1808 1299 1934 1344 iudi-

259 1369 439 1425 catum,
481 1370 568 1414 aut
594 1368 651 1413 de
677 1369 854 1430 gratia,
888 1384 1014 1429 quae
1039 1371 1188 1416 testes
1221 1372 1506 1430 corruperit,
1541 1374 1626 1418 aut
1658 1371 1716 1418 de
1747 1371 1936 1418 invidia

259 1443 346 1486 aut
408 1440 465 1486 de
520 1441 824 1503 ignorantia,
884 1446 969 1488 aut
1031 1442 1294 1489 videndum
1358 1444 1474 1503 quid
1538 1459 1710 1491 causae
1764 1447 1936 1505 postea

198 1512 230 1557 4
264 1515 535 1560 accesserit.
578 1530 785 1575 quorum
827 1516 867 1561 si
907 1516 1031 1562 nihil
1072 1516 1178 1575 erit,
1218 1517 1334 1563 licet
1372 1521 1538 1564 tamen
1571 1518 1730 1565 dicere
1753 1519 1935 1565 multos

257 1587 553 1634 iudiciorum
596 1603 735 1635 casus
770 1588 830 1635 ad
870 1590 1037 1649 inique
1076 1591 1494 1650 pronuntiandum
1534 1592 1696 1638 valere
1728 1591 1935 1653 ideoque
1960 1611 2003 1641 ρο

258 1660 549 1707 damnatum
589 1661 847 1721 Rutilium,
888 1662 1135 1710 absolutos
1188 1662 1411 1710 Clodium
1459 1667 1606 1726 atque
1655 1665 1934 1725 Catilinam,

257 1735 465 1797 rogandi
521 1737 670 1781 etiam
722 1736 920 1795 iudices,
970 1740 1027 1782 ut
1073 1753 1176 1783 rem
1227 1739 1390 1798 potius
1438 1740 1724 1785 intueantur
1762 1739 1934 1799 ipsam,

198 1809 228 1852 5
263 1824 412 1868 quam
452 1810 549 1854 iuri
586 1809 795 1855 iurando
838 1810 996 1856 alieno
1038 1826 1180 1856 suum
1214 1810 1407 1858 donent.
1450 1811 1679 1859 adversus
1713 1814 1936 1859 consulta

259 1884 424 1928 autem
480 1886 678 1929 senatus
734 1886 782 1929 et
837 1883 1031 1930 decreta
1087 1884 1365 1945 principum
1419 1885 1498 1931 vel
1552 1887 1935 1948 magistratuum

257 1955 529 2002 remedium
568 1956 757 2002 nullum
807 1960 894 2015 est,
948 1958 1044 2003 nisi
1092 1961 1178 2004 aut
1232 1960 1435 2005 inventa
1483 1960 1933 2021 quantulacumque
1960 1977 2002 2009 25

259 2044 434 2076 causae
476 2029 752 2076 differentia
794 2034 881 2077 aut
921 2030 1088 2090 aliqua
1142 2032 1219 2078 vel
1271 2032 1534 2079 eorundem
1588 2033 1667 2080 vel
1718 2033 1933 2080 eiusdem

256 2104 520 2163 potestatis
560 2103 813 2149 hominum
852 2106 1095 2164 posterior
1145 2106 1448 2165 constitutio,
1497 2121 1620 2166 quae
1669 2108 1732 2154 sit
1780 2106 1934 2168 priori

259 2177 529 2222 contraria:
571 2192 694 2237 quae
735 2179 778 2224 si
817 2176 1033 2237 deerunt,
1074 2178 1134 2224 lis
1174 2194 1270 2224 nou
1312 2180 1417 2226 erit.

377 2336 401 2373 2
436 2329 525 2373 Cio.
559 2346 602 2386 p.
638 2330 814 2374 cluent.
851 2336 903 2374 17
939 2347 991 2387 sq
1025 2359 1079 2364 —
1114 2336 1137 2374 3
1170 2348 1214 2388 p.
1249 2333 1345 2376 Mil.
1381 2338 1405 2373 5

377 2512 400 2550 9
434 2508 506 2550 his
537 2516 626 2549 BP
664 2510 739 2551 Vt:
770 2508 827 2550 iis
860 2517 895 2549 A
1019 2513 1072 2551 10
1105 2509 1299 2564 quisque
1333 2518 1422 2553 Pb:
1456 2511 1703 2566 quisquam
1733 2518 1818 2553 AB

260 2571 312 2607 12
347 2580 455 2622 ergo
490 2581 555 2609 om
590 2575 679 2608 BP
798 2572 851 2609 18
892 2570 973 2610 aut
1012 2567 1261 2610 videndum
1301 2569 1413 2623 quid
1462 2569 1539 2612 Vt:
1579 2571 1661 2612 aut
1699 2569 1933 2612 invenien—

258 2626 368 2667 dum
402 2626 513 2679 quid
549 2633 592 2667 P
620 2625 945 2668 inveniendum
979 2627 1102 2682 quod
1135 2635 1218 2669 AB
1388 2632 1441 2668 26
1476 2628 1546 2671 vel
1579 2628 1829 2671 eorundem
1861 2628 1933 2670 vel

258 2684 465 2726 eiusdem
508 2685 584 2727 Vt:
617 2685 866 2728 eorundem
898 2685 969 2727 vel
1003 2699 1038 2727 e.
1066 2694 1102 2726 A
1127 2686 1198 2728 vel
1224 2686 1473 2729 eorundem
1497 2695 1542 2729 B
1562 2687 1635 2730 vel
1660 2687 1868 2730 eiusdem
1893 2695 1938 2729 P
