2055 3130
242 55 346 106 182
733 54 1107 106 QVINTILIANI
1137 55 1287 99 INST.
1322 54 1413 98 ΟΒ.

236 195 365 241 ratio
406 209 436 240 a
473 210 570 253 reo,
626 210 681 239 ex
726 193 932 240 rationis
979 197 1027 241 et
1065 195 1358 242 firmamenti
1399 194 1682 253 quaestione
1722 192 1908 252 discep-

236 266 362 314 tatio
403 268 468 314 sit
504 267 873 314 iudicationum.

349 340 525 387 Verius
585 340 741 402 igitur
795 344 842 386 et
903 340 1119 399 brevius,
1175 342 1262 400 qui
1308 343 1491 387 statum
1546 342 1593 386 et
1654 340 1907 386 continens

240 416 288 460 et
326 413 677 460 iudicationem
718 428 819 460 esse
869 414 1150 460 voluerunt:
1205 415 1456 460 continens
1498 416 1659 458 autem
1698 412 1749 457 id
1789 426 1906 469 esse,

151 494 215 537 20
239 502 335 547 quo
376 486 569 533 sublato
610 486 670 532 lis
711 501 811 533 esse
851 501 948 532 non
980 488 1146 546 possit.
1187 487 1275 533 hoc
1308 487 1430 533 mihi
1460 486 1689 533 videntur
1720 487 1905 531 utram-

238 575 330 620 que
372 573 571 606 causam
622 559 874 618 complexi,
930 563 977 605 et
1029 560 1158 619 quod
1212 558 1404 607 Orestes
1442 562 1650 605 matrem
1690 561 1737 605 et
1777 557 1907 618 quod

240 632 596 693 Clytaemestra
634 633 1051 694 Agamemnonem
1090 633 1334 680 occiderit.
1382 633 1511 679 idem
1556 631 1907 677 iudicationem

238 708 287 752 et
348 707 532 751 statum
571 706 842 752 consentire
897 721 1085 765 semper
1147 706 1511 753 existimarunt:
1567 720 1722 764 neque
1777 704 1907 749 enim

239 778 374 824 aliud
414 795 582 825 eorum
619 780 804 825 rationi
842 780 1132 826 conveniens
1172 780 1354 827 fuisset.

150 859 207 902 21
349 851 532 897 Verum
572 851 689 898 haec
730 852 977 898 adfectata
1017 853 1266 912 suptilitas
1319 854 1446 899 circa
1500 851 1698 898 nomina
1743 866 1907 896 rerum

239 924 496 972 ambitiose
544 925 748 982 laboret,
799 941 827 971 a
874 919 1012 972 nobis
1062 927 1115 972 in
1169 926 1259 973 hoc
1311 926 1572 985 adsumpta
1622 924 1793 981 solum,
1847 938 1907 969 ne

237 1014 413 1058 parum
454 998 715 1060 diligenter
746 998 1006 1059 inquisisse
1032 999 1088 1045 de
1114 1015 1271 1059 opere,
1313 999 1441 1059 quod
1469 998 1687 1060 adgressi
1727 1011 1907 1055 sumus,

239 1071 529 1118 videremur.
593 1072 862 1132 simplicius
918 1076 1081 1118 autem
1127 1073 1408 1119 instituenti
1452 1087 1550 1117 non
1598 1074 1670 1117 est
1716 1084 1908 1116 necesse

238 1160 326 1204 per
363 1148 467 1191 tam
506 1147 719 1192 minutas
758 1161 920 1191 rerum
960 1146 1229 1206 particulas
1276 1146 1516 1191 rationem
1555 1143 1760 1191 docendi
1799 1158 1908 1189 con-

152 1224 212 1267 22
240 1218 410 1264 cidere.
481 1235 576 1278 quo
638 1220 761 1264 vitio
822 1219 968 1264 multi
1030 1219 1226 1278 quidem
1286 1218 1587 1275 laborarunt,
1649 1217 1908 1277 praecipue

239 1294 405 1338 tamen
444 1291 788 1352 Hermagoras,
828 1292 902 1338 vir
943 1292 1126 1352 alioqui
1169 1292 1365 1351 suptilis
1407 1295 1455 1338 et
1486 1292 1537 1337 in
1568 1290 1792 1350 plurimis
1826 1289 1910 1336 ad-

238 1364 510 1423 mirandus,
560 1369 755 1411 tantum
802 1365 1087 1427 diligentiae
1134 1367 1338 1412 nimium
1387 1355 1648 1422 sollicitae,
1695 1367 1752 1410 ut
1801 1365 1910 1422 ipsa

153 1445 214 1488 23
242 1439 344 1485 eius
383 1439 695 1498 reprehensio
735 1438 878 1484 laude
912 1439 1078 1498 aliqua
1111 1455 1208 1485 non
1240 1439 1444 1501 indigna
1476 1438 1553 1485 sit.
1593 1438 1715 1483 haec
1747 1439 1910 1482 autem

240 1511 432 1558 brevior
472 1516 517 1558 et
558 1512 633 1558 vel
685 1511 794 1558 ideo
843 1511 1052 1558 lucidior
1097 1513 1252 1559 multo
1308 1514 1388 1558 via
1438 1527 1595 1571 neque
1647 1510 1911 1557 discentem

240 1600 330 1645 per
369 1585 598 1646 ambages
637 1585 884 1648 fatigabit,
923 1600 1010 1632 nec
1050 1601 1226 1646 corpus
1267 1586 1502 1633 orationis
1541 1584 1591 1630 in
1631 1598 1785 1644 parva
1808 1597 1910 1629 mo-

239 1662 404 1705 menta
443 1657 712 1705 diducendo
753 1663 1017 1705 consumet.
1058 1676 1172 1706 nam
1206 1660 1291 1720 qui
1314 1658 1507 1717 viderit,
1549 1657 1667 1718 quid
1691 1657 1755 1704 sit
1781 1656 1912 1716 quod

239 1733 291 1777 in
332 1733 713 1778 controversiam
752 1734 942 1791 veniat,
999 1732 1116 1793 quid
1169 1734 1221 1778 in
1269 1748 1324 1779 eo
1372 1737 1420 1779 et
1472 1748 1559 1792 per
1614 1746 1737 1791 quae
1791 1729 1912 1776 velit

242 1805 429 1852 efficere
468 1821 581 1866 pars
622 1806 829 1864 diversa,
871 1806 990 1866 quid
1022 1809 1202 1863 nostra,
1244 1806 1374 1866 quod
1405 1807 1456 1851 in
1487 1805 1658 1865 primis
1685 1806 1759 1851 est
1780 1803 1912 1850 intu-

242 1878 432 1937 endum,
483 1879 606 1924 nihil
654 1894 820 1925 eorum
872 1881 1113 1941 ignorare,
1165 1880 1221 1925 de
1274 1879 1448 1939 quibus
1489 1894 1638 1939 supra
1688 1877 1911 1934 diximus,

154 1958 216 2002 24
240 1954 436 2012 poterit.
476 1968 636 2012 neque
676 1956 748 1999 est
786 1954 885 1999 fere
926 1955 1200 2013 quisquam,
1239 1953 1382 1999 modo
1422 1968 1518 1999 non
1551 1952 1728 1999 stultus
1762 1954 1909 2010 atque

243 2025 302 2072 ab
344 2026 476 2071 omni
515 2041 711 2086 prorsus
751 2041 841 2072 usu
882 2026 1073 2073 dicendi
1104 2030 1334 2084 remotus,
1376 2027 1494 2087 quin
1526 2027 1662 2084 sciat,
1703 2027 1752 2071 et
1791 2023 1911 2084 quid

241 2099 380 2145 litem
419 2099 572 2146 faciat
613 2094 766 2161 (quod
813 2099 873 2146 ab
919 2100 1018 2146 illis
1071 2115 1216 2146 causa
1265 2100 1340 2146 vel
1387 2100 1637 2146 continens
1694 2091 1912 2158 dicitur),

244 2174 292 2219 et
331 2188 455 2233 quae
496 2174 561 2219 sit
598 2175 727 2219 inter
765 2173 1018 2235 litigantes
1066 2174 1310 2233 quaestio,
1360 2176 1407 2219 et
1454 2173 1512 2218 de
1559 2188 1654 2232 quo
1701 2170 1909 2216 iudicari

242 2248 489 2305 oporteat:
530 2262 654 2306 quae
695 2248 859 2292 omnia
896 2246 1024 2293 idem
1066 2250 1192 2293 sunt.
1255 2263 1368 2293 nam
1409 2249 1457 2292 et
1496 2246 1554 2292 de
1594 2260 1649 2291 eo
1691 2244 1911 2304 quaestio

243 2322 331 2377 est,
371 2319 498 2380 quod
538 2321 590 2365 in
630 2322 1012 2366 controversiam
1051 2321 1200 2378 vem‘t,
1256 2324 1303 2366 et
1343 2320 1400 2366 de
1441 2335 1495 2365 eo
1535 2318 1796 2376 iudicatur,
1853 2317 1910 2362 de
1936 2333 1954 2363 3

155 2399 217 2442 25
243 2408 338 2453 quo
380 2394 601 2452 quaestio
642 2396 726 2439 est.
784 2393 866 2439 sed
913 2409 1008 2439 non
1055 2394 1291 2454 perpetuo
1344 2392 1641 2439 intendimus
1692 2394 1744 2437 in
1793 2391 1913 2437 haec

244 2467 463 2512 animum
504 2469 552 2512 01
602 2466 872 2527 cupiditate
926 2467 1087 2513 laudis
1142 2469 1407 2526 utcumque
1455 2465 1783 2526 adquirendae
1836 2463 1913 2510 vel

245 2539 439 2586 dicendi
477 2540 733 2599 Voluptate
775 2555 1054 2602 evagamur,
1095 2540 1288 2600 quando
1328 2540 1523 2586 uberior
1555 2554 1745 2599 semper
1777 2538 1912 2584 extra

363 2727 387 2764 3
420 2723 482 2775 hi,
516 2724 595 2778 qui
627 2732 663 2765 A
785 2729 811 2765 4
843 2723 967 2766 1ᾶο111
1000 2736 1097 2767 esse
1121 2723 1208 2767 vol.
1236 2732 1384 2767 Pnon
1401 2725 1505 2766 item
1525 2730 1557 2772 Q
1583 2724 1589 2778 Ι
1617 2721 1847 2765 voluerint
1871 2730 1915 2763 B

365 2787 415 2824 11
449 2781 634 2825 laborat
663 2791 700 2824 A
793 2787 846 2824 14
880 2782 1064 2825 dicendi
1098 2783 1160 2824 Ρ1
1258 2787 1310 2825 16
1343 2782 1580 2824 mirandus
1614 2789 1649 2822 Α
1742 2786 1795 2823 21
1830 2781 1912 2822 du-

245 2840 389 2883 cendo
422 2849 458 2882 A
580 2846 633 2884 26
665 2855 827 2896 prosus
859 2849 1011 2892 BnBy

1933 866 1974 896 10

1935 1231 1975 1262 15

1936 1597 1978 1627 20

1935 1964 1977 1996 25
