2055 3130
22 906 66 937 10

21 1275 63 1307 15

19 1646 63 1678 20

19 2017 62 2049 25

19 2388 63 2419 30

761 85 815 128 Π.
850 90 919 139 21,
954 89 1111 128 7—-20,
1676 83 1781 136 125

91 241 287 286 possem
333 226 412 273 hic
461 225 708 273 Ciceronis
747 224 1039 286 respondere
1085 224 1271 283 verbis,
1319 223 1450 284 apud
1499 239 1643 284 quem
1689 224 1781 271 hoc

93 300 314 348 invenio:
389 296 517 346 ‘mea
596 299 793 360 quidem
877 300 1121 346 sententia
1196 313 1338 345 nemo
1410 313 1512 345 6336
1597 297 1781 357 poterit

94 375 230 420 omni
304 373 450 421 laude
539 373 815 420 cumulatus
913 375 1101 427 orator,
1190 373 1287 419 nisi
1379 372 1472 418 erit
1560 373 1779 417 omnium

92 464 258 494 rerum
329 463 621 510 magnarum
676 449 825 507 atque
888 448 1068 493 artium
1135 446 1390 493 scientiam
1450 440 1779 492 consecutus’:

93 522 178 569 sed
252 521 375 567 mihi
436 522 557 568 satis
622 524 695 567 est
764 520 866 568 eius
930 536 1033 567 esse
1097 522 1343 568 oratorem
1395 520 1481 580 rei,
1553 519 1611 565 de
1683 535 1780 580 qua

92 595 235 655 (11661,
289 611 387 642 11611
425 595 647 642 1113616111.
705 609 861 655 neque
913 594 1044 641 enim
1091 595 1248 641 omnis
1297 608 1468 641 causas
1522 594 1677 652 novit,
1733 596 1781 640 61
1807 598 1869 643 15

92 669 234 716 debet
272 684 414 729 posse
456 669 512 715 de
555 669 780 716 omnibus
821 668 994 716 dicere.
1038 668 1094 714 de
1135 668 1312 730 quibus
1354 683 1469 730 ergo
1512 665 1673 714 dicet?
1723 667 1780 714 de

91 742 270 804 quibus
312 742 498 789 didicit.
541 743 772 790 similiter
812 742 870 789 de
911 742 1100 789 artibus
1142 758 1352 803 quoque,
1393 741 1452 788 de
1494 741 1673 802 quibus
1709 741 1780 787 (11-

92 817 298 864 6611(16111
340 817 447 877 6111,
488 818 689 864 interim
729 817 900 872 discet,
953 820 1000 863 et
1041 817 1099 864 de
1140 816 1316 877 quibus
1359 816 1588 863 didicerit
1637 815 1778 862 dicet.

203 890 331 946 Quid
373 889 522 954 ergo?
561 907 660 938 non
692 891 831 938 faber
863 891 921 937 de
954 891 1143 938 fabrica
1174 891 1352 938 melius
1387 892 1473 937 aut
1506 890 1563 936 (16
1595 889 1780 937 musice
1806 895 1869 938 16

89 963 341 1013 musicus?
398 967 440 1012 si
485 966 674 1013 nesciat
722 967 903 1025 orator,
952 965 1072 1026 quid
1120 966 1198 1025 sit,
1248 964 1305 1011 (16
1353 980 1449 1026 quo
1498 965 1780 1025 quaeratur,

88 1039 236 1100 plane
275 1039 472 1099 melius3
519 1055 635 1086 nam
676 1043 724 1086 et
763 1040 991 1102 litigator
1027 1039 1241 1086 rusticus
1281 1039 1688 1099 inlitteratusque
1722 1038 1779 1085 de

89 1129 238 1161 causa
278 1129 367 1160 3116
404 1114 581 1160 melius
629 1130 777 1175 quam
826 1117 1014 1173 orator,
1062 1115 1148 1175 qui
1194 1114 1379 1160 nesciet
1427 1112 1546 1174 quid
1592 1114 1645 1159 in
1690 1113 1779 1159 lite

89 1187 176 1234 sit:
229 1187 312 1235 sed
364 1190 566 1250 accepta
614 1204 643 1234 a
689 1189 900 1247 musico,
956 1204 984 1234 6
1032 1188 1186 1248 fabro,
1243 1188 1370 1234 sicut
1426 1203 1454 1233 6
1508 1188 1778 1249 Litigatore,

89 1261 264 1310 melius
298 1265 465 1309 orator
498 1278 648 1323 quam
678 1264 784 1323 ipse
818 1263 907 1323 qui
939 1262 1173 1310 docuerit.
1206 1278 1378 1308 verum
1411 1263 1460 1308 et
1491 1261 1643 1321 faber,
1670 1276 1781 1309 cum
1807 1265 1864 1308 17

89 1335 148 1383 de
187 1336 390 1396 fabrica,
431 1340 479 1384 et
517 1337 752 1396 musicus,
794 1351 903 1383 cum
944 1337 1002 1383 de
1042 1338 1247 1396 musica,
1287 1336 1329 1384 31
1370 1336 1489 1397 quid
1524 1335 1779 1382 confirma-

87 1411 276 1458 tionem
315 1411 681 1470 desideraverit‚
731 1411 882 1458 dicet:
931 1427 1028 1458 non
1077 1412 1172 1457 erit
1219 1409 1417 1471 quidem
1465 1412 1647 1469 orator,
1695 1409 1780 1457 sed

87 1485 240 1531 faciet
278 1484 403 1531 iflud
444 1486 587 1546 quasi
627 1489 808 1545 orator,
860 1486 987 1533 sicut
1027 1501 1138 1532 cum
1177 1486 1357 1532 vulnus
1397 1486 1657 1545 imperitus
1699 1484 1779 1531 de-

87 1559 281 1621 ligabit,
322 1575 421 1606 non
461 1560 555 1607 erit
593 1560 826 1619 medicus,
867 1560 952 1607 sed
991 1559 1143 1607 faciet
1173 1562 1232 1606 ut
1263 1559 1495 1606 medicus.
1539 1575 1602 1605 an
1632 1559 1777 1605 huius
1807 1561 1867 1604 18

87 1633 223 1680 modi
260 1649 336 1680 res
376 1649 533 1695 neque
572 1635 625 1680 in
663 1634 861 1681 laudem
899 1650 1056 1695 neque
1096 1634 1149 1681 in
1181 1633 1587 1681 deliberationem
1618 1649 1779 1694 neque

86 1709 141 1754 in
178 1707 416 1754 iudicium
455 1706 693 1755 veniunt‘.>
735 1724 849 1771 ergo
891 1724 1002 1755 cum
1034 1708 1093 1755 de
1124 1707 1349 1755 faciendo
1381 1710 1530 1768 portu
1563 1705 1780 1755 Ostiensi

88 1781 413 1829 deliberatum
465 1785 560 1842 est,
637 1798 736 1830 non
791 1782 961 1830 debuit
1015 1782 1174 1829 dicere
1229 1783 1528 1830 sententiam
1579 1780 1780 1829 orator‘?

88 1855 229 1917 atqui
284 1871 406 1917 opus
463 1873 488 1904 6
538 1858 730 1904 ratione
783 1857 1178 1904 architectorum.
1234 1856 1414 1904 livores
1463 1858 1512 1903 et
1557 1859 1778 1903 tumores
1806 1858 1867 1901 19

87 1931 140 1977 in
180 1946 381 1991 corpore
430 1931 690 1978 cruditatis
738 1947 800 1977 an
848 1932 1024 1978 veneni
1074 1933 1217 1994 signa
1272 1932 1385 1991 sint,
1440 1946 1539 1978 non
1592 1932 1780 1978 tractat

89 2003 289 2051 orator?
337 2006 391 2051 61
430 2008 504 2053 631
526 2005 578 2051 id
618 2022 674 2052 ex
713 2005 905 2052 ratione
944 2005 1232 2052 medicinae.
1275 2006 1405 2052 circa
1435 2020 1689 2052 mensuras
1732 2008 1779 2052 61-

87 2094 315 2126 numeros
370 2094 469 2126 non
521 2078 837 2127 versabitur?
906 2080 1125 2126 dicamus
1176 2080 1264 2127 has
1320 2080 1619 2142 geometriae
1676 2094 1778 2127 esse

87 2155 268 2214 partes.
339 2153 567 2214 equidem
637 2154 803 2201 omnia
863 2154 965 2201 fere
1026 2170 1168 2214 posse
1225 2154 1367 2201 credo
1432 2169 1549 2201 casu
1611 2153 1777 2214 aliquo

86 2229 255 2274 venire
286 2227 338 2273 in
370 2227 588 2275 officium
621 2230 854 2276 oratoris:
895 2229 1025 2289 quod
1058 2230 1101 2276 si
1131 2245 1229 2276 non
1262 2228 1465 2287 accidet⁷
1504 2244 1603 2275 non
1635 2231 1777 2275 erunt

89 2302 133 2347 ei
175 2301 408 2349 subiecta.

198 2375 279 2422 Ita
319 2378 389 2423 sic
422 2393 616 2439 quoque
647 2380 779 2424 recte
814 2377 1041 2438 diximus,
1080 2377 1342 2424 materiam
1373 2375 1640 2424 rhetorices
1673 2390 1776 2423 esse
1800 2376 1864 2421 20

89 2451 247 2498 omnis
285 2466 361 2498 res
403 2451 466 2497 ad
506 2451 766 2499 dicendum
805 2451 849 2499 ei
889 2451 1148 2511 subiectas,
1189 2451 1320 2512 quod
1359 2451 1557 2512 quidem
1599 2451 1777 2511 probat

89 2524 241 2570 etiam
279 2540 436 2572 sermo
462 2527 759 2587 communis3
798 2542 914 2574 nam
947 2542 1057 2573 cum
1083 2525 1287 2587 aliquid,
1327 2524 1385 2572 de
1418 2541 1515 2586 quo
1542 2524 1777 2584 dicamus,

214 2685 236 2722 1
270 2680 338 2723 De
370 2683 485 2725 orat.
522 2687 560 2735 1,
596 2687 636 2737 6,
671 2686 725 2725 20

210 2848 234 2886 6
268 2843 385 2886 dicit
414 2852 530 2896 PBq
683 2849 705 2887 7
741 2845 857 2888 dicit
887 2853 925 2887 A
1079 2849 1132 2887 10
1173 2844 1306 2888 faber
1346 2846 1428 2887 aut
1475 2844 1533 2887 de
1571 2851 1660 2885 BP
1697 2844 1776 2885 aut

87 2903 120 2945 f.
155 2903 212 2946 (16
245 2903 428 2947 Badius
550 2908 604 2945 23
632 2917 656 2946 6
679 2904 881 2961 ratione]
908 2906 1008 2948 erat
1039 2904 1219 2947 ratione
1252 2904 1360 2948 libri
1390 2905 1442 2958 cf
1467 2904 1481 2946 l
1513 2907 1568 2945 25
