2055 3130
261 74 368 126 164
751 71 1106 124 QVINTILIAN
1105 71 1126 115 Ι
1155 71 1309 116 INST.
1341 71 1436 116 ΟΒ.

368 213 557 273 Itaque,
603 214 660 258 ut
697 226 795 257 non
835 211 1056 258 consensi
1099 210 1192 257 hoc
1243 209 1552 256 laudativum
1594 224 1746 271 genus
1800 210 1928 256 circa

258 286 416 334 solam
454 285 639 332 versari
676 285 869 330 honesti
909 284 1264 344 quaestionem,
1315 284 1385 330 sic
1432 283 1672 343 qualitate
1718 283 1929 328 maxime

259 359 497 407 contineri
547 360 683 418 puto,
731 372 1025 417 quamquam
1080 359 1179 403 tres
1233 359 1390 404 status
1442 370 1608 402 omnes
1662 354 1832 402 cadere
1877 356 1931 401 in

257 433 350 479 hoc
389 446 510 492 opus
548 431 752 492 possint,
792 431 949 491 iisque
981 445 1123 476 usum
1150 428 1199 475 C.
1226 428 1484 476 Caesarem
1521 429 1573 474 in
1604 427 1930 488 vituperando

263 505 447 553 Catone
486 505 735 551 notaverit
767 502 949 550 Cicero.
990 505 1151 549 totum
1177 505 1342 549 autem
1371 502 1520 548 habet
1551 500 1742 562 aliquid
1772 501 1930 548 simile
1978 520 1997 550 5

261 578 508 636 suasoriis,
549 577 664 637 quia
702 577 991 637 plerumque
1031 575 1200 622 eadem
1237 575 1341 622 illic
1380 575 1588 633 suaderi,
1626 575 1706 620 hic
1737 573 1932 620 laudari

262 652 433 699 solent.

577 774 676 832 [DE
711 772 1006 816 SUASORIA
1036 772 1111 816 ET
1143 770 1631 829 PROSOPOPOEIA]

205 871 231 914 1
374 869 510 916 Vm.
551 868 998 915 Deliberativas
1040 883 1232 929 quoque
1270 868 1422 914 miror
1447 883 1475 913 a
1501 866 1791 927 quibusdam
1831 866 1935 913 sola

263 943 484 991 utilitate
523 942 702 988 finitas.
760 956 816 988 ac
854 942 897 988 si
937 941 1054 1002 quid
1100 942 1153 987 in
1191 941 1265 988 his
1305 958 1456 987 unum
1496 940 1634 1001 sequi
1672 942 1935 1000 oporteret,
1961 959 2003 990 10

262 1018 428 1078 potior
467 1016 640 1063 fuisset
680 1015 810 1075 apud
848 1031 924 1062 me
975 1014 1220 1062 Ciceronis
1260 1014 1518 1073 sententia,
1567 1013 1651 1075 qui
1696 1013 1788 1060 hoc
1833 1028 1934 1059 ma-

263 1092 417 1138 teriae
457 1104 608 1152 genus
650 1088 890 1151 dignitate
929 1089 1138 1135 maxime
1179 1089 1416 1135 contineri
1447 1091 1605 1148 putat.
1645 1102 1734 1134 nec
1765 1086 1935 1132 dubito

267 1164 384 1224 quin
423 1164 475 1223 ii,
517 1164 600 1223 qui
639 1165 753 1210 sunt
790 1163 842 1208 in
880 1162 969 1208 illa
1008 1163 1168 1223 priore
1209 1161 1475 1219 sententia,
1521 1161 1786 1207 secundum
1833 1159 1937 1220 opi-

267 1238 462 1285 nionem
485 1236 866 1297 pulcherrimam
890 1251 949 1281 ne
982 1235 1103 1282 utile
1144 1235 1351 1296 quidem,
1392 1235 1488 1281 nisi
1519 1234 1649 1294 quod
1680 1233 1939 1281 honestum

212 1317 241 1361 2
269 1313 409 1369 esset,
448 1309 788 1356 existimarint.
830 1310 878 1355 et
911 1312 982 1355 est
1005 1309 1125 1354 haec
1148 1309 1276 1355 ratio
1302 1310 1568 1366 verissima,
1609 1308 1651 1354 si
1681 1307 1939 1354 consilium
1964 1324 2004 1355 15

269 1384 525 1446 contingat
564 1398 754 1443 semper
791 1382 1030 1429 bonorum
1070 1385 1217 1442 atque
1259 1381 1566 1442 sapientium.
1607 1396 1776 1427 verum
1808 1379 1940 1441 apud

267 1458 536 1518 imperitos,
577 1456 705 1516 apud
746 1471 866 1516 quos
906 1455 1187 1516 frequenter
1218 1454 1422 1501 dicenda
1452 1454 1696 1501 sententia
1729 1456 1813 1514 est,
1852 1468 1939 1514 po-

266 1531 536 1592 pulumque
574 1530 848 1590 praecipue,
889 1531 974 1589 qui
1014 1544 1070 1575 ex
1108 1528 1330 1588 pluribus
1363 1530 1556 1575 constat
1580 1523 1805 1586 indoctis,
1844 1527 1939 1573 dis-

269 1604 510 1652 cernenda
549 1606 663 1649 sunt
700 1603 820 1649 haec
852 1606 900 1649 et
932 1602 1199 1649 secundum
1230 1616 1508 1649 communes
1532 1602 1691 1662 magis
1721 1600 1939 1647 intellec-

217 1685 245 1728 3
269 1681 348 1725 tus
387 1676 697 1737 loquendum.
739 1678 852 1723 sunt
892 1676 1020 1722 enim
1059 1675 1206 1721 multi
1245 1677 1328 1736 qui
1368 1677 1517 1722 etiam
1566 1690 1689 1735 quae
1737 1673 1940 1721 credunt
1963 1691 2006 1722 20

269 1752 486 1809 honesta,
526 1766 624 1796 non
663 1753 829 1796 tamen
868 1751 988 1796 satis
1029 1749 1199 1795 eadem
1237 1749 1383 1795 utilia
1423 1763 1614 1809 quoque
1647 1748 1940 1806 existiment,

272 1840 395 1886 quae
485 1823 651 1884 turpia
736 1838 837 1870 esse
916 1822 1138 1869 dubitare
1222 1839 1320 1869 non
1404 1824 1624 1882 possunt,
1706 1820 1940 1867 utilitatis

271 1900 429 1960 specie
478 1897 610 1943 ducti
656 1896 878 1957 probent,
932 1899 988 1943 ut
1042 1895 1211 1943 foedus
1266 1896 1624 1943 Numantinum
1676 1895 1942 1957 iugumque

273 1971 560 2019 Caudinum.

218 2050 248 2095 4
382 2045 456 2091 Ne
498 2044 753 2104 qualitatis
795 2043 991 2105 quidem
1030 2045 1178 2102 statu,
1227 2045 1279 2089 in
1320 2058 1415 2104 quo
1455 2045 1504 2088 et
1541 2042 1857 2088 honestorum
1896 2044 1944 2087 et
1968 2056 2008 2088 ‘25

272 2119 472 2165 utilium
522 2118 743 2178 quaestio
792 2119 879 2176 est,
919 2116 1160 2177 conplecti
1199 2132 1279 2163 eas
1311 2117 1430 2163 satis
1456 2118 1541 2162 est.
1580 2131 1696 2161 nam
1719 2114 1942 2175 frequen-

272 2195 349 2239 ter
386 2193 437 2237 in
474 2191 550 2237 his
592 2192 742 2237 etiam
781 2193 1086 2238 coniecturae
1125 2190 1258 2236 locus
1284 2193 1380 2236 est:
1420 2204 1787 2248 nonnumquam
1817 2191 1944 2234 trac-

273 2268 411 2312 tatur
451 2265 618 2325 aliqua
656 2264 829 2323 finitio,
870 2263 1134 2325 aliquando
1175 2263 1324 2310 etiam
1362 2263 1543 2325 legales
1582 2264 1788 2322 possunt
1824 2263 1944 2308 inci-

276 2339 387 2386 dere
447 2339 710 2396 tractatus,
762 2339 815 2384 in
868 2337 1065 2398 privata
1118 2338 1325 2383 maxime
1382 2336 1598 2394 consilia,
1652 2336 1694 2383 si
1749 2334 1943 2395 quando

277 2412 545 2474 ambigitur
583 2426 646 2457 an
690 2411 850 2457 liceat.
907 2411 964 2457 de
1015 2410 1294 2457 coniectura
1344 2409 1495 2470 paulo
1548 2411 1661 2469 post
1708 2407 1942 2470 pluribus.
1969 2396 2054 2484 30³3

223 2493 251 2536 ὅ
277 2486 475 2532 interim
529 2487 602 2531 est
653 2483 811 2530 finitio
867 2483 997 2545 apud
1051 2483 1425 2531 Demosthenem
1489 2478 1591 2529 edet
1643 2481 1946 2529 Halonesum
2045 2501 2051 2519 =

397 2645 421 2682 5
454 2639 566 2695 Top.
601 2643 670 2693 25,
706 2643 759 2681 94
792 2665 847 2670 ——
882 2644 933 2681 11
968 2638 1035 2681 De
1068 2640 1180 2681 orat.
1216 2642 1255 2694 2,
1289 2642 1358 2690 82,
1392 2641 1476 2679 334

399 2806 452 2843 15
486 2803 606 2843 esset
630 2800 751 2843 ΑΡῗε
786 2813 884 2843 esse
908 2799 1016 2842 ΒΡι
1136 2804 1189 2842 22
1223 2802 1269 2842 et
1286 2813 1403 2855 quae
1427 2807 1465 2840 A
1585 2803 1639 2841 25
1664 2812 1748 2841 nec
1771 2823 1816 2828 —
1846 2798 1947 2852 qui-

281 2859 384 2902 dem
400 2867 451 2912 A,
465 2860 782 2915 utplerumque
866 2863 920 2902 30
934 2858 1198 2916 ambigetur
1214 2866 1250 2900 Α
1328 2863 1380 2901 31
1399 2857 1606 2900 nefinitio
1624 2864 1670 2899 B
1694 2856 1901 2900 definitio
1919 2865 1948 2898 b
2038 2865 2047 2878 ³

2039 2722 2051 2856 ἑ
