2055 3130
47 882 89 912 10

46 1250 86 1282 15

45 1622 88 1653 20

46 1992 87 2023 25

677 57 731 101 V.
767 62 835 111 10,
870 62 1116 101 109—121.
1689 59 1794 110 271

115 201 212 247 nisi
275 199 444 246 eadem
498 200 548 246 vi
601 197 957 259 possideantur.
1013 199 1268 259 proprium
1325 200 1373 245 et
1426 198 1551 244 illud
1607 213 1799 258 causae,

115 273 248 335 quod
287 273 675 334 Amphictyones
714 271 950 331 iudicant,
1004 273 1063 317 ut
1118 271 1216 317 alia
1272 271 1404 332 apud
1454 273 1798 329 centumviros,

115 348 216 394 alia
255 346 388 408 apud
428 346 675 407 privatum
717 344 929 392 iudicem
966 346 1019 391 in
1057 345 1213 392 isdem
1253 345 1622 405 quaestionibus
1653 346 1796 392 ratio.

113 424 222 468 tum
271 421 484 468 secundo
536 420 706 483 gradu,
755 435 854 466 non
906 419 1126 480 potuisse
1184 418 1358 466 donari
1399 435 1425 465 a
1464 420 1650 466 victore
1703 421 1922 479 1113,116

115 495 232 556 quia
263 494 315 540 id
355 494 550 540 demum
589 495 653 540 sit
694 495 811 552 eius,
853 492 983 553 quod
1015 494 1206 540 teneat:
1246 494 1338 553 1113,
1381 493 1512 554 quod
1544 494 1609 540 sit
1640 493 1797 541 incor-

113 569 298 630 porale,
339 567 578 630 adprendi
615 583 765 614 manu
803 582 901 613 non
948 582 1104 627 posse.
1151 568 1243 614 hoc
1288 569 1503 628 reperire
1553 569 1625 613 est
1672 566 1799 613 diffi-

113 643 257 690 cilius
299 658 462 703 quam,
503 658 612 689 cum
649 642 910 699 inveneris,
951 642 1257 703 argumentis
1291 641 1542 699 adiuvare,
1596 643 1650 687 ut
1699 641 1798 688 alia

113 719 178 764 sit
219 716 438 764 condicio
477 716 685 776 heredis,
727 715 827 762 alia
866 714 1084 773 victoris,
1133 716 1250 775 quia
1299 715 1359 761 ad
1407 715 1550 762 illum
1596 716 1688 774 ius,
1736 715 1800 761 ad

112 791 243 837 hunc
281 806 357 837 res
396 792 630 856 transeat.
670 790 929 850 proprium
968 789 1142 836 deinde
1182 789 1433 851 materiae,
1481 790 1557 835 ius
1608 789 1798 850 publici
1823 794 1921 838 117

115 864 289 912 crediti
327 866 539 911 transire
580 863 643 910 ad
680 865 917 910 victorem
956 879 1054 909 non
1093 864 1330 924 potuisse,
1380 863 1495 923 quia
1543 863 1799 927 quodnpo-

112 939 257 1000 pulus
299 938 585 998 crediderit,
633 936 861 984 omnibus
910 937 1158 995 debeatur,
1206 940 1267 997 et,
1316 937 1552 998 quamdiu
1592 938 1800 998 quilibet

113 1029 237 1059 unus
279 1012 592 1073 superfuerit,
634 1027 736 1059 esse
778 1026 888 1058 eum
913 1011 1067 1058 totius
1092 1027 1311 1058 summae
1337 1011 1643 1071 creditorem,
1677 1012 1800 1058 The-

111 1086 264 1134 banos
305 1089 471 1132 autem
514 1101 614 1132 non
662 1087 820 1132 omnis
865 1086 919 1131 in
964 1085 1235 1131 Alexandri
1280 1102 1433 1133 manu
1486 1086 1650 1133 fuisse.
1704 1086 1795 1133 hoc
1823 1090 1924 1135 118

111 1177 211 1208 non
251 1161 548 1207 extrinsecus
587 1159 840 1221 probatur,
881 1175 1004 1220 quae
1046 1161 1120 1207 vis
1162 1162 1234 1206 est
1268 1160 1561 1221 argumenti,
1602 1160 1686 1207 sed
1725 1161 1798 1221 ip-

114 1250 221 1282 sum
259 1251 347 1295 per
386 1250 435 1281 se
474 1236 621 1281 valet.
677 1234 813 1281 tertii
859 1233 954 1280 loci
993 1249 1108 1294 pars
1164 1235 1300 1295 prior
1352 1235 1510 1296 inagis
1565 1235 1798 1297 vulgaris,

112 1325 211 1356 non
249 1310 301 1355 in
339 1308 525 1355 tabulis
567 1324 668 1356 esse
708 1309 800 1367 ius,
838 1307 1008 1368 itaque
1047 1309 1217 1355 multis
1259 1308 1561 1370 argumentis
1603 1308 1800 1355 defendi

113 1385 288 1444 potest.
338 1398 474 1429 mens
524 1398 715 1443 quoque
771 1382 1042 1429 Alexandri
1105 1381 1216 1429 duci
1278 1382 1420 1429 debet
1473 1382 1525 1428 in
1580 1382 1800 1442 dubium,

111 1457 367 1504 honorarit
423 1472 502 1503 eos
559 1474 621 1504 an
676 1456 934 1517 deceperit.
985 1456 1114 1502 illud
1167 1456 1267 1503 13111
1321 1471 1488 1503 rursus
1544 1457 1797 1518 proprium

111 1532 350 1578 materiae
402 1533 448 1577 et
494 1532 631 1578 velut
677 1546 834 1577 novae
883 1532 1258 1591 controversiae,
1309 1530 1440 1591 quod
1485 1532 1802 1578 restitutione

112 1607 351 1666 recepisse
392 1607 485 1660 ius,
527 1606 676 1652 etiam
716 1606 759 1651 si
798 1605 929 1665 quod
970 1606 1237 1665 amiserint,
1287 1604 1509 1651 Thebani
1554 1605 1798 1652 videntur.

111 1680 191 1726 hic
231 1680 279 1726 et
320 1679 438 1739 quid
480 1678 726 1726 Casander
764 1679 886 1725 velit
920 1680 1189 1740 quaeritur,
1229 1679 1312 1725 sed
1344 1680 1422 1725 vel
1454 1680 1800 1740 potentissima

113 1753 243 1815 apud
282 1753 676 1815 Amphictyonas
717 1755 864 1814 aequi
902 1753 1135 1801 tractatio
1178 1757 1263 1801 est.

222 1827 360 1874 Haec
399 1844 496 1874 non
534 1827 716 1875 idcirco
759 1827 882 1886 dico,
924 1827 1055 1888 quod
1093 1828 1322 1874 inutilem
1353 1827 1527 1874 horum
1560 1827 1793 1886 locorum,
1822 1833 1924 1876 119

112 1918 169 1948 ex
203 1902 378 1962 quibus
405 1905 697 1965 argumenta
729 1901 989 1961 ducuntur,
1031 1903 1361 1964 cognitionem
1394 1903 1576 1962 putem,
1610 1902 1799 1963 alioqui

112 1991 202 2022 nec
240 1976 570 2035 tradidissem,
610 1976 693 2023 sed
732 1991 793 2022 ne
833 1991 897 2034 se,
940 1978 1024 2036 qui
1064 1976 1386 2038 cognoverint
1409 1976 1519 2034 ista,
1561 1977 1604 2023 si
1636 1977 1797 2022 cetera

111 2050 392 2113 neglegant,
431 2051 673 2111 perfectos
719 2051 946 2111 protinus
1003 2053 1151 2111 atque
1208 2053 1572 2098 consummatos
1620 2052 1798 2111 putent

113 2126 176 2184 et,
216 2124 311 2171 nisi
351 2124 403 2170 in
443 2126 630 2184 ceteris,
680 2141 806 2185 quae
843 2140 958 2171 mox
996 2124 1343 2185 praecipienda
1391 2127 1527 2184 sunt,
1577 2124 1802 2171 elabora-

110 2199 288 2258 verint,
334 2202 527 2245 mutam
569 2198 818 2259 quanda-m
859 2198 1115 2245 scient-iam
1156 2201 1439 2246 consecutos
1486 2199 1798 2260 intellegant.

111 2288 268 2333 neque
310 2272 441 2319 enim
482 2272 670 2319 artibus
713 2272 855 2320 editis
899 2273 1087 2319 factum
1128 2276 1215 2332 est,
1269 2276 1327 2319 ut-
1379 2277 1671 2335 argumenta
1720 2274 1792 2319 in-
1821 2278 1923 2322 120³

44 2363 88 2394 30
112 2346 404 2406 veniremus,
445 2346 528 2393 sed
553 2346 685 2395 dicta
718 2350 832 2394 sunt
864 2348 1043 2405 omnia,
1085 2350 1352 2408 antequa-m
1383 2347 1799 2408 praeciperentur,

111 2436 225 2466 mox
266 2436 322 2467 03.
363 2422 623 2482 scriptores
665 2421 925 2469 observata
966 2424 1014 2468 et
1054 2421 1275 2469 conlecta
1315 2421 1588 2468 ediderunt.
1660 2422 1798 2468 cuius

111 2495 184 2541 rei
222 2494 448 2555 probatio
491 2497 578 2555 est,
627 2496 758 2556 quod
799 2497 1033 2555 exemplis
1075 2511 1242 2543 eorum
1290 2495 1535 2544 veteribus
1586 2498 1799 2542 utuntur

113 2571 161 2614 et
202 2568 260 2614 ab
303 2569 578 2616 oratoribus
611 2570 701 2616 illa
731 2572 979 2631 repetunt,
1017 2571 1117 2630 ipsi
1147 2570 1339 2616 nullum
1369 2586 1552 2617 novum
1586 2573 1634 2616 et
1667 2569 1798 2630 quod

113 2641 297 2688 dictum
336 2659 433 2690 non
473 2644 539 2690 sit,
576 2643 848 2690 inveniunt.
889 2643 1100 2691 artifices
1142 2660 1256 2707 ergo
1296 2644 1386 2704 illi,
1428 2645 1514 2705 qui
1553 2644 1797 2691 dixerunt.
1822 2648 1915 2692 121

232 2815 256 2852 3
289 2811 409 2855 ratio
444 2812 505 2855 sit
529 2821 573 2854 P
691 2818 716 2855 5
751 2813 870 2870 eius]
897 2813 939 2855 ei
962 2821 1008 2856 B
1129 2819 1152 2856 6
1185 2813 1401 2869 reprendi
1425 2821 1462 2855 A
1490 2816 1495 2870 Ι
1525 2816 1596 2856 est
1619 2828 1689 2857 om
1713 2822 1804 2856 BP

233 2875 286 2913 25
320 2884 378 2913 ne
412 2886 458 2914 se
491 2871 614 2914 ,1P‘2z
648 2887 704 2914 ne
739 2873 778 2914 si
809 2873 917 2914 ΒΡ1
1038 2878 1093 2915 ‘26
1125 2888 1170 2929 p.
1205 2888 1251 2916 se
1283 2872 1495 2929 protinus
1527 2881 1616 2915 BP
