2055 3130
766 54 842 97 IV.
877 59 917 108 2,
952 59 1109 97 3—15.
1677 50 1785 102 201

103 211 215 243 reus
264 195 392 256 quod
440 195 652 243 obicitur
699 196 895 241 tantum
949 195 1121 255 negat:
1183 194 1235 238 in
1291 206 1388 252 qua
1438 193 1509 237 est
1559 190 1788 251 opinione

107 269 360 318 Cornelius
417 268 607 328 Celsus,
679 269 767 328 qui
821 267 1118 314 condicionis
1167 267 1312 312 huius
1369 279 1470 311 esse
1520 264 1791 310 arbitratur

104 345 363 405 plerasque
405 343 565 389 caedis
613 356 784 388 causas
825 342 874 387 et
921 340 1078 387 omnis
1127 339 1340 387 ambitus
1393 354 1448 385 ac
1494 336 1787 399 repetunda-

105 434 229 464 rum.
271 433 369 463 non
410 417 538 463 enim
570 417 716 477 putat
749 430 850 462 esse
882 414 1233 472 narrationem,
1273 413 1369 459 nisi
1395 428 1520 473 quae
1547 426 1789 458 summam
1817 422 1889 466 10Ἰ

62 507 80 538 5
106 492 339 549 criminis,
391 490 448 536 de
490 504 586 549 quo
633 489 873 535 iudicium
914 491 1001 548 est,
1058 488 1330 547 contineat,
1382 485 1557 532 deinde
1603 487 1791 531 fatetur

105 565 211 626 ipse
250 580 340 624 pro
380 562 584 609 Rabirio
624 562 858 609 Postumo
899 577 1124 608 narrasse
1169 560 1473 608 Ciceronem:
1527 560 1668 619 atqui
1705 558 1790 605 ille

106 642 154 685 et
193 638 398 699 negavit
435 638 717 697 pervenisse
759 635 822 683 ad
860 635 1122 682 Rabirium
1160 637 1434 696 pecuniam,
1489 649 1586 694 qua
1634 632 1692 679 de
1738 647 1789 677 re

105 714 210 758 erat
249 712 470 772 quaestio
524 711 808 769 constituta,
864 712 912 756 et
962 711 1016 756 in
1065 710 1157 756 hac
1211 709 1495 755 narratione
1550 706 1677 753 nihil
1733 705 1790 752 de

105 787 307 833 crimine
349 786 586 845 exposuit.
630 799 719 847 ego
761 787 926 832 autem
964 799 1170 846 magnos
1213 783 1403 843 alioqui
1442 783 1636 828 secutus
1678 795 1790 826 auc·
1819 790 1879 834 11

39 874 81 906 10
105 862 235 907 tores
277 859 397 905 duas
439 873 541 905 esse
581 859 633 904 in
680 858 876 905 iudiciis
923 858 1267 904 narrationum
1314 857 1498 918 species
1550 855 1791 913 existimo,

105 933 313 980 alteram
351 933 508 993 ipsius
549 947 742 992 causae,
782 933 991 978 alteram
1030 933 1082 978 in
1121 947 1286 978 rerum
1318 931 1380 977 ad
1413 944 1612 976 causam
1642 927 1791 989 perti-

104 1007 329 1054 nentium
369 1006 685 1067 expositione.
729 1002 845 1053 ‘non
887 1006 1045 1052 occidi
1084 1000 1350 1052 hominem'
1392 1003 1531 1050 nulla
1570 1003 1792 1049 narratio
1821 1011 1889 1055 12

105 1084 201 1142 est,
257 1082 504 1127 convenit:
562 1080 644 1127 sed
700 1081 793 1127 erit
849 1080 1017 1140 aliqua
1080 1083 1127 1126 et
1182 1080 1383 1125 interim
1439 1077 1590 1124 etiam
1643 1077 1792 1138 longa

105 1158 277 1202 contra
328 1158 622 1217 argumenta
673 1155 775 1201 eius
828 1154 1060 1213 criminis,
1129 1154 1186 1200 de
1239 1156 1352 1199 ante
1404 1154 1515 1199 acta
1562 1152 1683 1210 vita,
1735 1150 1792 1196 de

38 1243 79 1275 15
106 1230 280 1289 causis,
312 1232 516 1289 propter
549 1243 670 1289 quas
701 1230 934 1276 innocens
966 1228 1017 1274 in
1041 1228 1317 1289 periculum
1349 1226 1632 1284 deducatur,
1665 1223 1793 1282 aliis,

106 1302 282 1364 quibus
322 1302 611 1350 incredibile
650 1302 702 1349 id
742 1303 873 1364 quod
913 1302 1126 1348 obicitur
1157 1301 1258 1348 fiat.
1299 1316 1456 1361 neque
1491 1300 1621 1346 enim
1655 1313 1793 1346 accu-
1821 1307 1891 1351 13

105 1379 241 1424 sator
279 1379 480 1423 tantum
518 1377 610 1424 hoc
651 1376 772 1424 dicit
814 1372 1093 1436 ‘occidisti',
1149 1375 1233 1423 sed
1285 1375 1461 1436 quibus
1516 1373 1568 1420 id
1618 1372 1795 1434 probet

104 1453 291 1511 narrat,
338 1454 394 1498 ut
440 1452 493 1497 111
539 1451 825 1514 tragoediis,
874 1466 984 1498 cum
1031 1450 1217 1497 Teucer
1262 1449 1441 1496 Ulixen
1487 1464 1627 1494 reum
1674 1446 1795 1494 facit

105 1526 273 1573 Aiacis
314 1526 483 1585 occisi,
535 1526 699 1572 dicens
750 1525 1009 1572 inventum
1064 1540 1175 1571 eum
1227 1524 1280 1570 in
1335 1522 1603 1570 solitudine
1654 1521 1796 1567 iuxta

40 1614 82 1646 20
108 1600 329 1647 exanime
371 1615 547 1660 corpus
587 1601 779 1646 inimici
819 1614 930 1646 cum
969 1598 1136 1661 gladio
1179 1599 1396 1657 cruento,
1435 1612 1533 1643 non
1565 1596 1618 1642 id
1648 1594 1797 1641 modo

105 1673 273 1721 Ulixes
312 1673 588 1734 respondet,
636 1689 731 1721 non
775 1689 876 1720 6556
912 1689 939 1720 a
972 1688 1021 1719 se
1061 1673 1113 1720 id
1152 1673 1346 1719 facinus
1387 1670 1669 1728 admissum,
1710 1668 1797 1716 sed

107 1747 201 1795 sibi
239 1748 401 1795 nullas
443 1763 555 1795 cum
594 1747 746 1794 Aiace
792 1747 1080 1794 inimicitias
1128 1748 1295 1806 fuisse,
1356 1745 1415 1792 de
1465 1745 1611 1792 laude
1665 1745 1799 1789 inter

105 1823 238 1883 ipsos
279 1824 542 1869 certatum:
584 1822 758 1868 deinde
801 1822 1070 1883 subiungit,
1118 1837 1214 1882 quo
1254 1820 1400 1867 modo
1439 1819 1492 1865 in
1533 1834 1638 1865 eam
1680 1817 1796 1864 5011-

105 1896 329 1943 tudinem
368 1897 573 1956 venerit,
612 1897 856 1943 iacentem
896 1897 1171 1943 exanimem
1211 1896 1277 1942 sit
1317 1894 1643 1954 conspicatus,
1691 1892 1794 1954 gla-

39 1985 80 2016 25
107 1970 243 2016 dium
291 1986 315 2016 6
362 1970 563 2017 vulnere
619 1972 897 2017 extraxerit.
957 1970 1033 2016 his
1086 1968 1364 2016 subtexitur
1415 1965 1794 2030 argumentatio.

108 2044 192 2091 sed
231 2060 292 2091 ne
331 2044 458 2091 illud
499 2044 698 2105 quidem
739 2044 842 2091 sine
881 2045 1166 2091 narratione
1215 2046 1309 2102 est,
1357 2042 1549 2089 dicente
1599 2054 1795 2087 accusa-
1823 2048 1893 2092 14

105 2120 236 2165 tore:
280 2115 442 2165 ‘fuisti
480 2120 534 2165 in
573 2134 628 2166 60
668 2119 791 2178 loco,
831 2119 882 2165 in
924 2134 1020 2179 quo
1059 2121 1174 2165 tuus
1213 2117 1442 2164 inimicus
1476 2115 1661 2162 occisus
1703 2109 1792 2162 est’

109 2189 225 2239 ‘non
265 2189 679 2252 fui'3‘dicendum
722 2193 867 2251 enim,
905 2192 992 2239 ubi
1030 2192 1194 2239 fuerit.
1237 2207 1387 2252 quare
1428 2189 1642 2236 ambitus
1677 2204 1796 2249 quo-

108 2281 201 2327 que
242 2282 416 2314 causae
458 2270 506 2314 et
543 2267 930 2328 repetundarum
968 2267 1060 2313 hoc
1108 2268 1259 2313 etiam
1304 2265 1469 2326 plures
1515 2261 1800 2309 huiusmodi

41 2355 82 2387 30
107 2342 416 2388 narrationes
456 2341 635 2388 habere
674 2343 924 2402 poterunt,
966 2355 1062 2401 quo
1102 2340 1247 2401 plura
1273 2340 1501 2387 crimina:
1541 2339 1594 2384 in
1619 2337 1797 2398 quibus
1847 2336 1853 2342 '

107 2414 217 2476 ipsa
272 2415 471 2475 quidem
524 2416 751 2478 neganda
813 2417 942 2472 sunt,
999 2415 1082 2462 sed
1134 2413 1436 2477 argumentis
1493 2410 1797 2473 expositione

109 2489 358 2536 contraria
410 2490 738 2537 resistendum
793 2491 888 2549 est,
957 2489 1210 2535 interdum
1269 2487 1492 2550 singulis,
1546 2485 1797 2532 interdum

108 2563 363 2610 universis.
414 2579 476 2610 an
514 2580 625 2612 reus
674 2563 887 2610 ambitus
935 2563 1063 2610 male
1111 2562 1350 2622 narrabit,
1399 2575 1520 2622 quos
1567 2561 1795 2621 parentes
1824 2566 1892 2610 15

230 2753 254 2790 5
289 2749 496 2793 continet
526 2757 632 2792 BP>
750 2754 773 2791 6
808 2751 948 2803 atque
987 2756 1077 2790 BP
1195 2752 1219 2790 9
1253 2760 1448 2803 magnos
1494 2744 1694 2799 aliosqui
1736 2743 1797 2785 Α1

109 2807 202 2860 fort
232 2806 569 2864 Hermagoreos
603 2808 812 2864 aliosque
936 2813 988 2850 11
1024 2808 1104 2850 alt.
1136 2821 1291 2850 rerum
1316 2832 1370 2838 —
1397 2804 1734 2861 expositionem
1758 2811 1797 2844 Α

111 2871 166 2909 26
201 2866 299 2924 sed]
335 2870 381 2910 et
410 2876 455 2910 B
575 2872 629 2910 32
665 2871 734 2910 est
765 2867 1013 2924 Spaldiny:
1047 2869 1092 2910 et
