<?xml version="1.0" encoding="UTF-8"?>
<!DOCTYPE html PUBLIC "-//W3C//DTD XHTML 1.0 Transitional//EN"
    "http://www.w3.org/TR/xhtml1/DTD/xhtml1-transitional.dtd">
<html xmlns="http://www.w3.org/1999/xhtml" xml:lang="en" lang="en">
 <head>
  <title>
</title>
<meta http-equiv="Content-Type" content="text/html;charset=utf-8" />
  <meta name='ocr-system' content='tesseract 3.04.00' />
  <meta name='ocr-capabilities' content='ocr_page ocr_carea ocr_par ocr_line ocrx_word'/>
</head>
<body>
  <div class='ocr_page' id='page_1' title='image "./institvtionisora00quinuoft/institvtionisora00quinuoft_0126.png"; bbox 0 0 2007 3120; ppageno 0'>
   <div class='ocr_carea' id='block_1_1' title="bbox 202 53 1382 106">
    <p class='ocr_par' dir='ltr' id='par_1_1' title="bbox 202 53 1382 106">
     <span class='ocr_line' id='line_1_1' title="bbox 202 53 1382 106; baseline -0.005 -2"><span class='ocrx_word' id='word_1_1' title='bbox 202 53 306 105; x_wconf 87' lang='grc'>106</span> <span class='ocrx_word' id='word_1_2' title='bbox 704 53 1077 106; x_wconf 85' lang='lat' dir='ltr'><strong>QVINTILIANI</strong></span> <span class='ocrx_word' id='word_1_3' title='bbox 1107 53 1255 98; x_wconf 87' lang='lat' dir='ltr'>INST.</span> <span class='ocrx_word' id='word_1_4' title='bbox 1290 54 1382 98; x_wconf 67' lang='grc' dir='ltr'>ΟΒ.</span> 
     </span>
    </p>
   </div>
   <div class='ocr_carea' id='block_1_2' title="bbox 112 192 1931 838">
    <p class='ocr_par' dir='ltr' id='par_1_2' title="bbox 112 192 1931 838">
     <span class='ocr_line' id='line_1_2' title="bbox 201 192 1867 253; baseline 0.001 -15"><span class='ocrx_word' id='word_1_5' title='bbox 201 207 394 253; x_wconf 91' lang='lat' dir='ltr'>quoque</span> <span class='ocrx_word' id='word_1_6' title='bbox 433 193 482 238; x_wconf 86' lang='lat' dir='ltr'>et</span> <span class='ocrx_word' id='word_1_7' title='bbox 518 193 714 239; x_wconf 84' lang='lat' dir='ltr'>iniustis</span> <span class='ocrx_word' id='word_1_8' title='bbox 753 195 987 240; x_wconf 88' lang='lat' dir='ltr'>tractare:</span> <span class='ocrx_word' id='word_1_9' title='bbox 1027 194 1106 239; x_wconf 88' lang='grc'>6111</span> <span class='ocrx_word' id='word_1_10' title='bbox 1139 192 1361 240; x_wconf 86' lang='lat' dir='ltr'>Socrates</span> <span class='ocrx_word' id='word_1_11' title='bbox 1393 192 1731 253; x_wconf 78' lang='lat' dir='ltr'>persuadendi,</span> <span class='ocrx_word' id='word_1_12' title='bbox 1768 207 1867 239; x_wconf 89' lang='lat' dir='ltr'>non</span> 
     </span>
     <span class='ocr_line' id='line_1_3' title="bbox 113 265 1866 326; baseline 0.001 -15"><span class='ocrx_word' id='word_1_13' title='bbox 113 267 174 311; x_wconf 84' lang='lat'>19</span> <span class='ocrx_word' id='word_1_14' title='bbox 201 265 404 312; x_wconf 91' lang='lat' dir='ltr'>docendi</span> <span class='ocrx_word' id='word_1_15' title='bbox 444 266 666 313; x_wconf 90' lang='lat' dir='ltr'>concedit</span> <span class='ocrx_word' id='word_1_16' title='bbox 704 266 1004 312; x_wconf 75' lang='lat' dir='ltr'>facultatem.</span> <span class='ocrx_word' id='word_1_17' title='bbox 1047 268 1131 326; x_wconf 87' lang='lat' dir='ltr'>qui</span> <span class='ocrx_word' id='word_1_18' title='bbox 1169 281 1283 312; x_wconf 85' lang='lat' dir='ltr'>vero</span> <span class='ocrx_word' id='word_1_19' title='bbox 1323 281 1420 312; x_wconf 91' lang='lat' dir='ltr'>non</span> <span class='ocrx_word' id='word_1_20' title='bbox 1461 267 1623 313; x_wconf 88' lang='lat' dir='ltr'>omnia</span> <span class='ocrx_word' id='word_1_21' title='bbox 1663 265 1866 312; x_wconf 89' lang='lat' dir='ltr'>subicie-</span> 
     </span>
     <span class='ocr_line' id='line_1_4' title="bbox 198 337 1866 398; baseline 0 -14"><span class='ocrx_word' id='word_1_22' title='bbox 198 337 320 385; x_wconf 87' lang='lat' dir='ltr'>bant</span> <span class='ocrx_word' id='word_1_23' title='bbox 358 340 556 398; x_wconf 89' lang='lat' dir='ltr'>oratori,</span> <span class='ocrx_word' id='word_1_24' title='bbox 596 338 854 385; x_wconf 78' lang='lat' dir='ltr'>sollicitius</span> <span class='ocrx_word' id='word_1_25' title='bbox 895 355 950 386; x_wconf 89' lang='lat' dir='ltr'>ac</span> <span class='ocrx_word' id='word_1_26' title='bbox 988 339 1253 398; x_wconf 80' lang='lat' dir='ltr'>verbosius,</span> <span class='ocrx_word' id='word_1_27' title='bbox 1291 342 1348 385; x_wconf 90' lang='lat' dir='ltr'>ut</span> <span class='ocrx_word' id='word_1_28' title='bbox 1385 354 1578 385; x_wconf 89' lang='lat' dir='ltr'>necesse</span> <span class='ocrx_word' id='word_1_29' title='bbox 1625 341 1744 397; x_wconf 90' lang='lat' dir='ltr'>erat,</span> <span class='ocrx_word' id='word_1_30' title='bbox 1783 338 1866 384; x_wconf 88' lang='lat' dir='ltr'>ad-</span> 
     </span>
     <span class='ocr_line' id='line_1_5' title="bbox 198 411 1866 473; baseline -0.001 -14"><span class='ocrx_word' id='word_1_31' title='bbox 198 411 464 459; x_wconf 75' lang='lat' dir='ltr'>hibuerunt</span> <span class='ocrx_word' id='word_1_32' title='bbox 501 412 798 472; x_wconf 88' lang='lat' dir='ltr'>discrimina,</span> <span class='ocrx_word' id='word_1_33' title='bbox 838 428 1046 473; x_wconf 89' lang='lat' dir='ltr'>quorum</span> <span class='ocrx_word' id='word_1_34' title='bbox 1085 413 1184 458; x_wconf 82' lang='lat' dir='ltr'>fuit</span> <span class='ocrx_word' id='word_1_35' title='bbox 1222 412 1438 471; x_wconf 86' lang='lat' dir='ltr'>Ariston,</span> <span class='ocrx_word' id='word_1_36' title='bbox 1491 411 1697 459; x_wconf 80' lang='lat' dir='ltr'>Critolai</span> <span class='ocrx_word' id='word_1_37' title='bbox 1733 411 1866 458; x_wconf 89' lang='lat' dir='ltr'>Peri-</span> 
     </span>
     <span class='ocr_line' id='line_1_6' title="bbox 198 482 1931 546; baseline 0.001 -16"><span class='ocrx_word' id='word_1_38' title='bbox 198 486 404 546; x_wconf 87' lang='lat' dir='ltr'>patetici</span> <span class='ocrx_word' id='word_1_39' title='bbox 443 484 727 546; x_wconf 85' lang='lat' dir='ltr'>discipulus,</span> <span class='ocrx_word' id='word_1_40' title='bbox 774 487 910 532; x_wconf 87' lang='lat' dir='ltr'>cuius</span> <span class='ocrx_word' id='word_1_41' title='bbox 967 486 1044 532; x_wconf 83' lang='lat' dir='ltr'>hic</span> <span class='ocrx_word' id='word_1_42' title='bbox 1084 485 1194 533; x_wconf 87' lang='lat' dir='ltr'>finis</span> <span class='ocrx_word' id='word_1_43' title='bbox 1243 488 1335 532; x_wconf 85' lang='lat' dir='ltr'>est:</span> <span class='ocrx_word' id='word_1_44' title='bbox 1392 482 1615 532; x_wconf 70' lang='lat' dir='ltr'>escientia</span> <span class='ocrx_word' id='word_1_45' title='bbox 1668 484 1867 531; x_wconf 87' lang='lat' dir='ltr'>videndi</span> <span class='ocrx_word' id='word_1_46' title='bbox 1913 501 1931 532; x_wconf 83' lang='lat'><strong>5</strong></span> 
     </span>
     <span class='ocr_line' id='line_1_7' title="bbox 201 557 1867 620; baseline 0.001 -17"><span class='ocrx_word' id='word_1_47' title='bbox 201 560 249 604; x_wconf 89' lang='lat' dir='ltr'>et</span> <span class='ocrx_word' id='word_1_48' title='bbox 321 557 500 620; x_wconf 84' lang='lat' dir='ltr'>agendi</span> <span class='ocrx_word' id='word_1_49' title='bbox 569 560 620 604; x_wconf 92' lang='lat' dir='ltr'>in</span> <span class='ocrx_word' id='word_1_50' title='bbox 702 559 1070 619; x_wconf 83' lang='lat' dir='ltr'>quaestionibus</span> <span class='ocrx_word' id='word_1_51' title='bbox 1144 559 1369 606; x_wconf 85' lang='lat' dir='ltr'>civilibus</span> <span class='ocrx_word' id='word_1_52' title='bbox 1434 575 1522 619; x_wconf 91' lang='lat' dir='ltr'>per</span> <span class='ocrx_word' id='word_1_53' title='bbox 1598 559 1867 604; x_wconf 86' lang='lat' dir='ltr'>orationem</span> 
     </span>
     <span class='ocr_line' id='line_1_8' title="bbox 112 627 1867 692; baseline 0.001 -17"><span class='ocrx_word' id='word_1_54' title='bbox 112 631 176 676; x_wconf 79' lang='lat'>20</span> <span class='ocrx_word' id='word_1_55' title='bbox 199 631 453 691; x_wconf 89' lang='lat' dir='ltr'>popularis</span> <span class='ocrx_word' id='word_1_56' title='bbox 507 627 870 692; x_wconf 86' lang='lat' dir='ltr'>persuasionis&#39;.</span> <span class='ocrx_word' id='word_1_57' title='bbox 932 632 1010 678; x_wconf 90' lang='lat' dir='ltr'>hic</span> <span class='ocrx_word' id='word_1_58' title='bbox 1073 633 1342 692; x_wconf 90' lang='lat' dir='ltr'>scientiam,</span> <span class='ocrx_word' id='word_1_59' title='bbox 1405 632 1523 692; x_wconf 89' lang='lat' dir='ltr'>quia</span> <span class='ocrx_word' id='word_1_60' title='bbox 1575 631 1867 692; x_wconf 86' lang='lat' dir='ltr'>Peripateti-</span> 
     </span>
     <span class='ocr_line' id='line_1_9' title="bbox 201 704 1869 766; baseline 0 -16"><span class='ocrx_word' id='word_1_61' title='bbox 201 719 284 751; x_wconf 91' lang='lat' dir='ltr'>cus</span> <span class='ocrx_word' id='word_1_62' title='bbox 339 707 425 762; x_wconf 88' lang='lat' dir='ltr'>est,</span> <span class='ocrx_word' id='word_1_63' title='bbox 479 721 576 752; x_wconf 91' lang='lat' dir='ltr'>non</span> <span class='ocrx_word' id='word_1_64' title='bbox 630 707 686 751; x_wconf 82' lang='lat' dir='ltr'>ut</span> <span class='ocrx_word' id='word_1_65' title='bbox 740 704 893 752; x_wconf 82' lang='lat' dir='ltr'>Stoici</span> <span class='ocrx_word' id='word_1_66' title='bbox 949 706 1149 752; x_wconf 73' lang='lat' dir='ltr'>virtutis</span> <span class='ocrx_word' id='word_1_67' title='bbox 1202 705 1310 752; x_wconf 94' lang='grc'>1060</span> <span class='ocrx_word' id='word_1_68' title='bbox 1364 706 1525 766; x_wconf 89' lang='lat' dir='ltr'>ponit:</span> <span class='ocrx_word' id='word_1_69' title='bbox 1580 704 1869 765; x_wconf 85' lang='lat' dir='ltr'>popularem</span> 
     </span>
     <span class='ocr_line' id='line_1_10' title="bbox 201 778 1870 838; baseline 0.001 -15"><span class='ocrx_word' id='word_1_70' title='bbox 201 780 365 824; x_wconf 89' lang='lat' dir='ltr'>autem</span> <span class='ocrx_word' id='word_1_71' title='bbox 405 778 775 838; x_wconf 88' lang='lat' dir='ltr'>conprendendo</span> <span class='ocrx_word' id='word_1_72' title='bbox 816 780 1180 838; x_wconf 82' lang='lat' dir='ltr'>persuasionem</span> <span class='ocrx_word' id='word_1_73' title='bbox 1214 780 1361 825; x_wconf 88' lang='lat' dir='ltr'>etiam</span> <span class='ocrx_word' id='word_1_74' title='bbox 1394 778 1772 825; x_wconf 90' lang='lat' dir='ltr'>contumeliosus</span> <span class='ocrx_word' id='word_1_75' title='bbox 1797 780 1870 824; x_wconf 89' lang='lat' dir='ltr'>est</span> 
     </span>
    </p>
   </div>
   <div class='ocr_carea' id='block_1_3' title="bbox 200 851 2006 913">
    <p class='ocr_par' dir='ltr' id='par_1_3' title="bbox 200 851 2006 913">
     <span class='ocr_line' id='line_1_11' title="bbox 200 851 2006 913; baseline 0.001 -17"><span class='ocrx_word' id='word_1_76' title='bbox 200 851 430 897; x_wconf 87' lang='lat' dir='ltr'>adversus</span> <span class='ocrx_word' id='word_1_77' title='bbox 471 854 624 898; x_wconf 89' lang='lat' dir='ltr'>artem</span> <span class='ocrx_word' id='word_1_78' title='bbox 664 852 849 911; x_wconf 85' lang='lat' dir='ltr'>orandi,</span> <span class='ocrx_word' id='word_1_79' title='bbox 901 867 1045 912; x_wconf 90' lang='lat' dir='ltr'>quam</span> <span class='ocrx_word' id='word_1_80' title='bbox 1095 852 1219 898; x_wconf 82' lang='lat' dir='ltr'>nihil</span> <span class='ocrx_word' id='word_1_81' title='bbox 1269 854 1414 913; x_wconf 85' lang='lat' dir='ltr'>putat</span> <span class='ocrx_word' id='word_1_82' title='bbox 1467 851 1621 898; x_wconf 85' lang='lat' dir='ltr'>doctis</span> <span class='ocrx_word' id='word_1_83' title='bbox 1669 866 1867 911; x_wconf 89' lang='lat' dir='ltr'>persua·</span> <span class='ocrx_word' id='word_1_84' title='bbox 1893 867 1934 898; x_wconf 91' lang='lat'>10</span> <span class='ocrx_word' id='word_1_85' title='bbox 2003 867 2006 870; x_wconf 75' lang='grc'><strong>’</strong></span> 
     </span>
    </p>
   </div>
   <div class='ocr_carea' id='block_1_4' title="bbox 112 924 1938 2674">
    <p class='ocr_par' dir='ltr' id='par_1_4' title="bbox 112 924 1938 2674">
     <span class='ocr_line' id='line_1_12' title="bbox 200 924 1868 986; baseline 0 -16"><span class='ocrx_word' id='word_1_86' title='bbox 200 939 377 970; x_wconf 83' lang='grc'>51116111.</span> <span class='ocrx_word' id='word_1_87' title='bbox 417 925 539 970; x_wconf 89' lang='lat' dir='ltr'>illud</span> <span class='ocrx_word' id='word_1_88' title='bbox 579 925 637 971; x_wconf 92' lang='lat' dir='ltr'>de</span> <span class='ocrx_word' id='word_1_89' title='bbox 677 925 914 984; x_wconf 91' lang='lat' dir='ltr'>omnibus,</span> <span class='ocrx_word' id='word_1_90' title='bbox 963 927 1049 986; x_wconf 94' lang='lat' dir='ltr'>qui</span> <span class='ocrx_word' id='word_1_91' title='bbox 1087 925 1216 972; x_wconf 87' lang='lat' dir='ltr'>circa</span> <span class='ocrx_word' id='word_1_92' title='bbox 1264 925 1431 972; x_wconf 86' lang='lat' dir='ltr'>civiles</span> <span class='ocrx_word' id='word_1_93' title='bbox 1479 924 1673 971; x_wconf 90' lang='lat' dir='ltr'>demum</span> <span class='ocrx_word' id='word_1_94' title='bbox 1724 939 1868 984; x_wconf 86' lang='lat' dir='ltr'>quae-</span> 
     </span>
     <span class='ocr_line' id='line_1_13' title="bbox 201 997 1868 1058; baseline 0 -15"><span class='ocrx_word' id='word_1_95' title='bbox 201 998 381 1044; x_wconf 86' lang='lat' dir='ltr'>stiones</span> <span class='ocrx_word' id='word_1_96' title='bbox 422 1005 665 1045; x_wconf 81' lang='lat' dir='ltr'>oratorem</span> <span class='ocrx_word' id='word_1_97' title='bbox 703 998 924 1045; x_wconf 90' lang='lat' dir='ltr'>iudicant</span> <span class='ocrx_word' id='word_1_98' title='bbox 962 1000 1163 1058; x_wconf 86' lang='lat' dir='ltr'>versari,</span> <span class='ocrx_word' id='word_1_99' title='bbox 1214 998 1398 1044; x_wconf 79' lang='lat' dir='ltr'>dictum</span> <span class='ocrx_word' id='word_1_100' title='bbox 1445 999 1523 1057; x_wconf 87' lang='lat' dir='ltr'>sit,</span> <span class='ocrx_word' id='word_1_101' title='bbox 1571 997 1761 1044; x_wconf 87' lang='lat' dir='ltr'>excludi</span> <span class='ocrx_word' id='word_1_102' title='bbox 1807 997 1868 1044; x_wconf 90' lang='lat' dir='ltr'>ab</span> 
     </span>
     <span class='ocr_line' id='line_1_14' title="bbox 198 1071 1869 1132; baseline 0.001 -16"><span class='ocrx_word' id='word_1_103' title='bbox 198 1071 261 1117; x_wconf 85' lang='lat' dir='ltr'>iis</span> <span class='ocrx_word' id='word_1_104' title='bbox 299 1072 514 1132; x_wconf 88' lang='lat' dir='ltr'>plurima</span> <span class='ocrx_word' id='word_1_105' title='bbox 553 1073 761 1119; x_wconf 90' lang='lat' dir='ltr'>oratoris</span> <span class='ocrx_word' id='word_1_106' title='bbox 802 1071 978 1132; x_wconf 85' lang='lat' dir='ltr'>officia,</span> <span class='ocrx_word' id='word_1_107' title='bbox 1017 1072 1156 1118; x_wconf 88' lang='lat' dir='ltr'>illam</span> <span class='ocrx_word' id='word_1_108' title='bbox 1194 1074 1322 1119; x_wconf 89' lang='lat' dir='ltr'>certe</span> <span class='ocrx_word' id='word_1_109' title='bbox 1361 1071 1665 1118; x_wconf 74' lang='lat' dir='ltr'>laudativam</span> <span class='ocrx_word' id='word_1_110' title='bbox 1697 1073 1869 1130; x_wconf 83' lang='lat' dir='ltr'>totam,</span> 
     </span>
     <span class='ocr_line' id='line_1_15' title="bbox 112 1143 1870 1206; baseline 0.002 -19"><span class='ocrx_word' id='word_1_111' title='bbox 112 1144 172 1187; x_wconf 78' lang='lat'>21</span> <span class='ocrx_word' id='word_1_112' title='bbox 203 1160 325 1204; x_wconf 90' lang='lat' dir='ltr'>quae</span> <span class='ocrx_word' id='word_1_113' title='bbox 365 1147 438 1191; x_wconf 89' lang='lat' dir='ltr'>est</span> <span class='ocrx_word' id='word_1_114' title='bbox 475 1145 740 1193; x_wconf 85' lang='lat' dir='ltr'>rhetorices</span> <span class='ocrx_word' id='word_1_115' title='bbox 779 1161 894 1206; x_wconf 87' lang='lat' dir='ltr'>pars</span> <span class='ocrx_word' id='word_1_116' title='bbox 931 1146 1093 1193; x_wconf 89' lang='lat' dir='ltr'>tertia.</span> <span class='ocrx_word' id='word_1_117' title='bbox 1145 1145 1335 1192; x_wconf 88' lang='lat' dir='ltr'>cautius</span> <span class='ocrx_word' id='word_1_118' title='bbox 1383 1145 1662 1192; x_wconf 90' lang='lat' dir='ltr'>Theodorus</span> <span class='ocrx_word' id='word_1_119' title='bbox 1710 1143 1870 1191; x_wconf 86' lang='lat' dir='ltr'>Gada-</span> 
     </span>
     <span class='ocr_line' id='line_1_16' title="bbox 200 1219 1935 1280; baseline 0.001 -16"><span class='ocrx_word' id='word_1_120' title='bbox 200 1233 324 1278; x_wconf 84' lang='lat' dir='ltr'>reus,</span> <span class='ocrx_word' id='word_1_121' title='bbox 364 1220 420 1264; x_wconf 86' lang='lat' dir='ltr'>ut</span> <span class='ocrx_word' id='word_1_122' title='bbox 450 1219 551 1265; x_wconf 89' lang='lat' dir='ltr'>iam</span> <span class='ocrx_word' id='word_1_123' title='bbox 584 1219 645 1264; x_wconf 90' lang='lat' dir='ltr'>ad</span> <span class='ocrx_word' id='word_1_124' title='bbox 678 1234 757 1266; x_wconf 88' lang='lat' dir='ltr'>eos</span> <span class='ocrx_word' id='word_1_125' title='bbox 781 1219 1050 1278; x_wconf 86' lang='lat' dir='ltr'>veniamus,</span> <span class='ocrx_word' id='word_1_126' title='bbox 1082 1220 1166 1280; x_wconf 87' lang='lat' dir='ltr'>qui</span> <span class='ocrx_word' id='word_1_127' title='bbox 1201 1222 1357 1265; x_wconf 91' lang='lat' dir='ltr'>artem</span> <span class='ocrx_word' id='word_1_128' title='bbox 1391 1219 1587 1278; x_wconf 79' lang='lat' dir='ltr'>quidem</span> <span class='ocrx_word' id='word_1_129' title='bbox 1619 1233 1720 1265; x_wconf 90' lang='lat' dir='ltr'>esse</span> <span class='ocrx_word' id='word_1_130' title='bbox 1747 1233 1868 1276; x_wconf 89' lang='lat' dir='ltr'>eam,</span> <span class='ocrx_word' id='word_1_131' title='bbox 1894 1233 1935 1265; x_wconf 88' lang='lat'>15</span> 
     </span>
     <span class='ocr_line' id='line_1_17' title="bbox 201 1291 1870 1352; baseline -0.001 -14"><span class='ocrx_word' id='word_1_132' title='bbox 201 1291 284 1338; x_wconf 92' lang='lat' dir='ltr'>sed</span> <span class='ocrx_word' id='word_1_133' title='bbox 315 1307 412 1338; x_wconf 91' lang='lat' dir='ltr'>non</span> <span class='ocrx_word' id='word_1_134' title='bbox 445 1292 678 1339; x_wconf 84' lang='lat' dir='ltr'>virtutem</span> <span class='ocrx_word' id='word_1_135' title='bbox 702 1295 1015 1352; x_wconf 85' lang='lat' dir='ltr'>putaverunt.</span> <span class='ocrx_word' id='word_1_136' title='bbox 1056 1292 1127 1339; x_wconf 90' lang='lat' dir='ltr'>ita</span> <span class='ocrx_word' id='word_1_137' title='bbox 1159 1294 1289 1339; x_wconf 90' lang='lat' dir='ltr'>enim</span> <span class='ocrx_word' id='word_1_138' title='bbox 1314 1292 1445 1351; x_wconf 78' lang='lat' dir='ltr'>dicit⁷</span> <span class='ocrx_word' id='word_1_139' title='bbox 1480 1294 1534 1337; x_wconf 91' lang='lat' dir='ltr'>ut</span> <span class='ocrx_word' id='word_1_140' title='bbox 1558 1292 1677 1351; x_wconf 90' lang='lat' dir='ltr'>ipsis</span> <span class='ocrx_word' id='word_1_141' title='bbox 1703 1307 1870 1338; x_wconf 85' lang='lat' dir='ltr'>eorum</span> 
     </span>
     <span class='ocr_line' id='line_1_18' title="bbox 199 1359 1869 1426; baseline -0.001 -14"><span class='ocrx_word' id='word_1_142' title='bbox 199 1365 360 1412; x_wconf 85' lang='lat' dir='ltr'>verbis</span> <span class='ocrx_word' id='word_1_143' title='bbox 400 1367 526 1424; x_wconf 88' lang='lat' dir='ltr'>utar,</span> <span class='ocrx_word' id='word_1_144' title='bbox 574 1367 657 1426; x_wconf 87' lang='lat' dir='ltr'>qui</span> <span class='ocrx_word' id='word_1_145' title='bbox 703 1366 822 1412; x_wconf 84' lang='lat' dir='ltr'>haec</span> <span class='ocrx_word' id='word_1_146' title='bbox 869 1382 925 1413; x_wconf 88' lang='lat' dir='ltr'>ex</span> <span class='ocrx_word' id='word_1_147' title='bbox 980 1365 1163 1413; x_wconf 83' lang='lat' dir='ltr'>Graeco</span> <span class='ocrx_word' id='word_1_148' title='bbox 1213 1366 1593 1419; x_wconf 84' lang='lat' dir='ltr'>transtulerunt:</span> <span class='ocrx_word' id='word_1_149' title='bbox 1645 1359 1743 1411; x_wconf 72' lang='lat' dir='ltr'>‘ars</span> <span class='ocrx_word' id='word_1_150' title='bbox 1797 1366 1869 1410; x_wconf 90' lang='lat' dir='ltr'>in-</span> 
     </span>
     <span class='ocr_line' id='line_1_19' title="bbox 201 1438 1871 1486; baseline -0.001 -2"><span class='ocrx_word' id='word_1_151' title='bbox 201 1439 391 1485; x_wconf 74' lang='lat' dir='ltr'>ventrix</span> <span class='ocrx_word' id='word_1_152' title='bbox 469 1442 517 1485; x_wconf 90' lang='lat' dir='ltr'>et</span> <span class='ocrx_word' id='word_1_153' title='bbox 588 1439 852 1486; x_wconf 77' lang='lat' dir='ltr'>iudicatrix</span> <span class='ocrx_word' id='word_1_154' title='bbox 928 1443 976 1486; x_wconf 92' lang='lat' dir='ltr'>et</span> <span class='ocrx_word' id='word_1_155' title='bbox 1045 1439 1347 1486; x_wconf 78' lang='lat' dir='ltr'>enuntiatrix</span> <span class='ocrx_word' id='word_1_156' title='bbox 1423 1438 1622 1485; x_wconf 84' lang='lat' dir='ltr'>decente</span> <span class='ocrx_word' id='word_1_157' title='bbox 1695 1440 1871 1484; x_wconf 85' lang='lat' dir='ltr'>ornatu</span> 
     </span>
     <span class='ocr_line' id='line_1_20' title="bbox 200 1512 1871 1574; baseline -0.001 -16"><span class='ocrx_word' id='word_1_158' title='bbox 200 1512 464 1559; x_wconf 91' lang='lat' dir='ltr'>secundum</span> <span class='ocrx_word' id='word_1_159' title='bbox 531 1514 831 1560; x_wconf 88' lang='lat' dir='ltr'>mensionem</span> <span class='ocrx_word' id='word_1_160' title='bbox 900 1515 1027 1572; x_wconf 91' lang='lat' dir='ltr'>eius,</span> <span class='ocrx_word' id='word_1_161' title='bbox 1109 1513 1238 1574; x_wconf 90' lang='lat' dir='ltr'>quod</span> <span class='ocrx_word' id='word_1_162' title='bbox 1306 1514 1358 1559; x_wconf 92' lang='lat' dir='ltr'>in</span> <span class='ocrx_word' id='word_1_163' title='bbox 1437 1527 1630 1572; x_wconf 90' lang='lat' dir='ltr'>quoque</span> <span class='ocrx_word' id='word_1_164' title='bbox 1707 1513 1871 1572; x_wconf 87' lang='lat' dir='ltr'>potest</span> 
     </span>
     <span class='ocr_line' id='line_1_21' title="bbox 112 1581 1937 1646; baseline 0 -14"><span class='ocrx_word' id='word_1_165' title='bbox 112 1584 174 1628; x_wconf 78' lang='lat'>22</span> <span class='ocrx_word' id='word_1_166' title='bbox 201 1585 325 1633; x_wconf 90' lang='lat' dir='ltr'>sumi</span> <span class='ocrx_word' id='word_1_167' title='bbox 371 1585 705 1646; x_wconf 87' lang='lat' dir='ltr'>persuasibile‚</span> <span class='ocrx_word' id='word_1_168' title='bbox 758 1587 809 1632; x_wconf 91' lang='lat' dir='ltr'>in</span> <span class='ocrx_word' id='word_1_169' title='bbox 860 1587 1069 1633; x_wconf 87' lang='lat' dir='ltr'>materia</span> <span class='ocrx_word' id='word_1_170' title='bbox 1123 1581 1291 1634; x_wconf 86' lang='lat' dir='ltr'>civili’.</span> <span class='ocrx_word' id='word_1_171' title='bbox 1346 1587 1562 1646; x_wconf 87' lang='lat' dir='ltr'>itemque</span> <span class='ocrx_word' id='word_1_172' title='bbox 1619 1583 1870 1632; x_wconf 86' lang='lat' dir='ltr'>Cornelius</span> <span class='ocrx_word' id='word_1_173' title='bbox 1895 1601 1937 1632; x_wconf 76' lang='lat'>20</span> 
     </span>
     <span class='ocr_line' id='line_1_22' title="bbox 202 1656 1870 1720; baseline -0.001 -14"><span class='ocrx_word' id='word_1_174' title='bbox 202 1658 390 1717; x_wconf 90' lang='lat' dir='ltr'>Celsus,</span> <span class='ocrx_word' id='word_1_175' title='bbox 475 1662 560 1719; x_wconf 91' lang='lat' dir='ltr'>qui</span> <span class='ocrx_word' id='word_1_176' title='bbox 634 1660 781 1706; x_wconf 90' lang='lat' dir='ltr'>finem</span> <span class='ocrx_word' id='word_1_177' title='bbox 849 1660 1114 1707; x_wconf 85' lang='lat' dir='ltr'>rhetorices</span> <span class='ocrx_word' id='word_1_178' title='bbox 1185 1662 1257 1706; x_wconf 86' lang='lat' dir='ltr'>ait</span> <span class='ocrx_word' id='word_1_179' title='bbox 1326 1656 1503 1706; x_wconf 69' lang='lat' dir='ltr'>‘dicere</span> <span class='ocrx_word' id='word_1_180' title='bbox 1576 1657 1870 1720; x_wconf 84' lang='lat' dir='ltr'>persuasibi-</span> 
     </span>
     <span class='ocr_line' id='line_1_23' title="bbox 198 1729 1870 1793; baseline -0.002 -13"><span class='ocrx_word' id='word_1_181' title='bbox 198 1733 314 1780; x_wconf 90' lang='lat' dir='ltr'>liter</span> <span class='ocrx_word' id='word_1_182' title='bbox 367 1733 417 1778; x_wconf 91' lang='lat' dir='ltr'>in</span> <span class='ocrx_word' id='word_1_183' title='bbox 473 1733 622 1780; x_wconf 86' lang='lat' dir='ltr'>dubia</span> <span class='ocrx_word' id='word_1_184' title='bbox 677 1734 811 1780; x_wconf 90' lang='lat' dir='ltr'>civili</span> <span class='ocrx_word' id='word_1_185' title='bbox 864 1729 1105 1780; x_wconf 83' lang='lat' dir='ltr'>materia&#39;.</span> <span class='ocrx_word' id='word_1_186' title='bbox 1181 1733 1357 1793; x_wconf 86' lang='lat' dir='ltr'>quibus</span> <span class='ocrx_word' id='word_1_187' title='bbox 1412 1735 1526 1779; x_wconf 91' lang='lat' dir='ltr'>sunt</span> <span class='ocrx_word' id='word_1_188' title='bbox 1580 1748 1676 1779; x_wconf 90' lang='lat' dir='ltr'>non</span> <span class='ocrx_word' id='word_1_189' title='bbox 1732 1731 1870 1778; x_wconf 91' lang='lat' dir='ltr'>dissi—</span> 
     </span>
     <span class='ocr_line' id='line_1_24' title="bbox 199 1801 1872 1867; baseline -0.002 -14"><span class='ocrx_word' id='word_1_190' title='bbox 199 1807 354 1864; x_wconf 86' lang='lat' dir='ltr'>miles,</span> <span class='ocrx_word' id='word_1_191' title='bbox 394 1808 480 1866; x_wconf 89' lang='lat' dir='ltr'>qui</span> <span class='ocrx_word' id='word_1_192' title='bbox 519 1807 579 1854; x_wconf 90' lang='lat' dir='ltr'>ab</span> <span class='ocrx_word' id='word_1_193' title='bbox 614 1807 724 1854; x_wconf 90' lang='lat' dir='ltr'>aliis</span> <span class='ocrx_word' id='word_1_194' title='bbox 763 1807 1040 1867; x_wconf 86' lang='lat' dir='ltr'>traduntur,</span> <span class='ocrx_word' id='word_1_195' title='bbox 1083 1808 1242 1867; x_wconf 89' lang='lat' dir='ltr'>qualis</span> <span class='ocrx_word' id='word_1_196' title='bbox 1283 1809 1356 1853; x_wconf 92' lang='lat' dir='ltr'>est</span> <span class='ocrx_word' id='word_1_197' title='bbox 1395 1807 1500 1853; x_wconf 89' lang='lat' dir='ltr'>ille:</span> <span class='ocrx_word' id='word_1_198' title='bbox 1542 1801 1634 1853; x_wconf 72' lang='lat' dir='ltr'>evis</span> <span class='ocrx_word' id='word_1_199' title='bbox 1673 1804 1872 1852; x_wconf 82' lang='lat' dir='ltr'>videndi</span> 
     </span>
     <span class='ocr_line' id='line_1_25' title="bbox 201 1879 1871 1940; baseline -0.001 -15"><span class='ocrx_word' id='word_1_200' title='bbox 201 1882 249 1926; x_wconf 89' lang='lat' dir='ltr'>et</span> <span class='ocrx_word' id='word_1_201' title='bbox 312 1881 568 1940; x_wconf 87' lang='lat' dir='ltr'>eloquendi</span> <span class='ocrx_word' id='word_1_202' title='bbox 645 1881 702 1926; x_wconf 89' lang='lat' dir='ltr'>de</span> <span class='ocrx_word' id='word_1_203' title='bbox 778 1881 918 1928; x_wconf 89' lang='lat' dir='ltr'>rebus</span> <span class='ocrx_word' id='word_1_204' title='bbox 996 1881 1220 1927; x_wconf 84' lang='lat' dir='ltr'>civilibus</span> <span class='ocrx_word' id='word_1_205' title='bbox 1294 1881 1524 1927; x_wconf 86' lang='lat' dir='ltr'>subiectis</span> <span class='ocrx_word' id='word_1_206' title='bbox 1597 1879 1689 1926; x_wconf 88' lang='lat' dir='ltr'>sibi</span> <span class='ocrx_word' id='word_1_207' title='bbox 1761 1894 1871 1926; x_wconf 92' lang='lat' dir='ltr'>cum</span> 
     </span>
     <span class='ocr_line' id='line_1_26' title="bbox 202 1952 1936 2015; baseline -0.001 -16"><span class='ocrx_word' id='word_1_208' title='bbox 202 1953 415 2013; x_wconf 84' lang='lat' dir='ltr'>quadam</span> <span class='ocrx_word' id='word_1_209' title='bbox 482 1956 796 2015; x_wconf 83' lang='lat' dir='ltr'>persuasione</span> <span class='ocrx_word' id='word_1_210' title='bbox 868 1956 916 2001; x_wconf 89' lang='lat' dir='ltr'>et</span> <span class='ocrx_word' id='word_1_211' title='bbox 992 1954 1204 2015; x_wconf 87' lang='lat' dir='ltr'>quodam</span> <span class='ocrx_word' id='word_1_212' title='bbox 1282 1953 1496 2014; x_wconf 90' lang='lat' dir='ltr'>corporis</span> <span class='ocrx_word' id='word_1_213' title='bbox 1572 1952 1746 1999; x_wconf 87' lang='lat' dir='ltr'>habitu</span> <span class='ocrx_word' id='word_1_214' title='bbox 1823 1954 1871 1998; x_wconf 89' lang='lat' dir='ltr'>et</span> <span class='ocrx_word' id='word_1_215' title='bbox 1895 1968 1936 1999; x_wconf 78' lang='lat'>25</span> 
     </span>
     <span class='ocr_line' id='line_1_27' title="bbox 112 2023 1872 2088; baseline 0.002 -20"><span class='ocrx_word' id='word_1_216' title='bbox 112 2024 175 2068; x_wconf 81' lang='lat'>23</span> <span class='ocrx_word' id='word_1_217' title='bbox 203 2042 368 2073; x_wconf 87' lang='lat' dir='ltr'>eorum</span> <span class='ocrx_word' id='word_1_218' title='bbox 430 2043 554 2088; x_wconf 82' lang='lat' dir='ltr'>quae</span> <span class='ocrx_word' id='word_1_219' title='bbox 612 2027 741 2074; x_wconf 86' lang='lat' dir='ltr'>dicet</span> <span class='ocrx_word' id='word_1_220' title='bbox 793 2023 1229 2088; x_wconf 88' lang='lat' dir='ltr'>pronuntiatione’.</span> <span class='ocrx_word' id='word_1_221' title='bbox 1292 2027 1427 2074; x_wconf 87' lang='lat' dir='ltr'>mille</span> <span class='ocrx_word' id='word_1_222' title='bbox 1482 2027 1593 2085; x_wconf 81' lang='lat' dir='ltr'>alia,</span> <span class='ocrx_word' id='word_1_223' title='bbox 1647 2025 1730 2073; x_wconf 88' lang='lat' dir='ltr'>sed</span> <span class='ocrx_word' id='word_1_224' title='bbox 1786 2027 1872 2072; x_wconf 86' lang='lat' dir='ltr'>aut</span> 
     </span>
     <span class='ocr_line' id='line_1_28' title="bbox 203 2099 1869 2162; baseline -0.001 -16"><span class='ocrx_word' id='word_1_225' title='bbox 203 2100 372 2146; x_wconf 87' lang='lat' dir='ltr'>eadem</span> <span class='ocrx_word' id='word_1_226' title='bbox 434 2104 520 2148; x_wconf 86' lang='lat' dir='ltr'>aut</span> <span class='ocrx_word' id='word_1_227' title='bbox 581 2117 638 2148; x_wconf 89' lang='lat' dir='ltr'>ex</span> <span class='ocrx_word' id='word_1_228' title='bbox 689 2102 845 2148; x_wconf 87' lang='lat' dir='ltr'>isdem</span> <span class='ocrx_word' id='word_1_229' title='bbox 900 2103 1168 2162; x_wconf 82' lang='lat' dir='ltr'>conposita,</span> <span class='ocrx_word' id='word_1_230' title='bbox 1223 2101 1400 2161; x_wconf 88' lang='lat' dir='ltr'>quibus</span> <span class='ocrx_word' id='word_1_231' title='bbox 1453 2100 1584 2159; x_wconf 90' lang='lat' dir='ltr'>item,</span> <span class='ocrx_word' id='word_1_232' title='bbox 1647 2114 1757 2145; x_wconf 89' lang='grc'>611111</span> <span class='ocrx_word' id='word_1_233' title='bbox 1812 2099 1869 2144; x_wconf 93' lang='lat' dir='ltr'>de</span> 
     </span>
     <span class='ocr_line' id='line_1_29' title="bbox 200 2172 1869 2235; baseline -0.001 -15"><span class='ocrx_word' id='word_1_234' title='bbox 200 2175 409 2220; x_wconf 87' lang='lat' dir='ltr'>materia</span> <span class='ocrx_word' id='word_1_235' title='bbox 462 2174 726 2222; x_wconf 84' lang='lat' dir='ltr'>rhetorices</span> <span class='ocrx_word' id='word_1_236' title='bbox 789 2175 1045 2222; x_wconf 80' lang='lat' dir='ltr'>dicendum</span> <span class='ocrx_word' id='word_1_237' title='bbox 1100 2176 1207 2233; x_wconf 86' lang='lat' dir='ltr'>erit,</span> <span class='ocrx_word' id='word_1_238' title='bbox 1275 2173 1689 2235; x_wconf 90' lang='lat' dir='ltr'>respondebimus.</span> <span class='ocrx_word' id='word_1_239' title='bbox 1765 2172 1869 2233; x_wconf 90' lang='lat' dir='ltr'>qui-</span> 
     </span>
     <span class='ocr_line' id='line_1_30' title="bbox 203 2248 1871 2308; baseline -0.001 -15"><span class='ocrx_word' id='word_1_240' title='bbox 203 2248 312 2293; x_wconf 87' lang='lat' dir='ltr'>dam</span> <span class='ocrx_word' id='word_1_241' title='bbox 385 2263 491 2294; x_wconf 84' lang='lat' dir='ltr'>eam</span> <span class='ocrx_word' id='word_1_242' title='bbox 557 2264 712 2308; x_wconf 91' lang='lat' dir='ltr'>neque</span> <span class='ocrx_word' id='word_1_243' title='bbox 774 2250 874 2294; x_wconf 87' lang='lat' dir='ltr'>vim</span> <span class='ocrx_word' id='word_1_244' title='bbox 941 2264 1095 2308; x_wconf 88' lang='lat' dir='ltr'>neque</span> <span class='ocrx_word' id='word_1_245' title='bbox 1167 2248 1418 2295; x_wconf 88' lang='lat' dir='ltr'>scientiam</span> <span class='ocrx_word' id='word_1_246' title='bbox 1489 2262 1645 2307; x_wconf 91' lang='lat' dir='ltr'>neque</span> <span class='ocrx_word' id='word_1_247' title='bbox 1716 2250 1871 2292; x_wconf 89' lang='lat' dir='ltr'>artem</span> 
     </span>
     <span class='ocr_line' id='line_1_31' title="bbox 201 2314 1938 2385; baseline 0 -18"><span class='ocrx_word' id='word_1_248' title='bbox 201 2324 516 2381; x_wconf 82' lang='lat' dir='ltr'>putaverunt,</span> <span class='ocrx_word' id='word_1_249' title='bbox 564 2322 647 2368; x_wconf 90' lang='lat' dir='ltr'>sed</span> <span class='ocrx_word' id='word_1_250' title='bbox 689 2321 933 2369; x_wconf 89' lang='lat' dir='ltr'>Critolaus</span> <span class='ocrx_word' id='word_1_251' title='bbox 976 2318 1136 2368; x_wconf 79' lang='lat' dir='ltr'>‘usum</span> <span class='ocrx_word' id='word_1_252' title='bbox 1175 2317 1384 2369; x_wconf 83' lang='lat' dir='ltr'>dicendi’</span> <span class='ocrx_word' id='word_1_253' title='bbox 1426 2314 1562 2385; x_wconf 86' lang='lat' dir='ltr'>(nam</span> <span class='ocrx_word' id='word_1_254' title='bbox 1597 2320 1687 2367; x_wconf 89' lang='lat' dir='ltr'>hoc</span> <span class='ocrx_word' id='word_1_255' title='bbox 1730 2317 1870 2383; x_wconf 81' lang='grc' dir='ltr'><em>τριβή</em></span> <span class='ocrx_word' id='word_1_256' title='bbox 1895 2336 1938 2367; x_wconf 83' lang='lat'>30</span> 
     </span>
     <span class='ocr_line' id='line_1_32' title="bbox 114 2388 1870 2460; baseline -0.001 -20"><span class='ocrx_word' id='word_1_257' title='bbox 114 2390 176 2434; x_wconf 82' lang='lat'>24</span> <span class='ocrx_word' id='word_1_258' title='bbox 203 2388 487 2460; x_wconf 81' lang='lat' dir='ltr'>significat),</span> <span class='ocrx_word' id='word_1_259' title='bbox 552 2396 834 2442; x_wconf 86' lang='lat' dir='ltr'>Athenaeus</span> <span class='ocrx_word' id='word_1_260' title='bbox 891 2391 1113 2442; x_wconf 77' lang='lat' dir='ltr'>‘fallendi</span> <span class='ocrx_word' id='word_1_261' title='bbox 1164 2391 1353 2442; x_wconf 89' lang='lat' dir='ltr'>artem&#39;.</span> <span class='ocrx_word' id='word_1_262' title='bbox 1414 2394 1635 2455; x_wconf 86' lang='lat' dir='ltr'>plerique</span> <span class='ocrx_word' id='word_1_263' title='bbox 1691 2396 1870 2451; x_wconf 87' lang='lat' dir='ltr'>autem,</span> 
     </span>
     <span class='ocr_line' id='line_1_33' title="bbox 203 2467 1869 2530; baseline -0.001 -17"><span class='ocrx_word' id='word_1_264' title='bbox 203 2468 318 2513; x_wconf 86' lang='lat' dir='ltr'>dum</span> <span class='ocrx_word' id='word_1_265' title='bbox 363 2484 521 2529; x_wconf 80' lang='lat' dir='ltr'>pauca</span> <span class='ocrx_word' id='word_1_266' title='bbox 568 2485 623 2516; x_wconf 93' lang='lat' dir='ltr'>ex</span> <span class='ocrx_word' id='word_1_267' title='bbox 671 2468 853 2530; x_wconf 85' lang='lat' dir='ltr'>Gorgia</span> <span class='ocrx_word' id='word_1_268' title='bbox 902 2468 1124 2516; x_wconf 89' lang='lat' dir='ltr'>Platonis</span> <span class='ocrx_word' id='word_1_269' title='bbox 1174 2485 1200 2515; x_wconf 90' lang='grc'>6</span> <span class='ocrx_word' id='word_1_270' title='bbox 1246 2468 1491 2530; x_wconf 87' lang='lat' dir='ltr'>prioribus</span> <span class='ocrx_word' id='word_1_271' title='bbox 1536 2467 1746 2527; x_wconf 87' lang='lat' dir='ltr'>inperite</span> <span class='ocrx_word' id='word_1_272' title='bbox 1793 2482 1869 2512; x_wconf 92' lang='lat' dir='ltr'>ex-</span> 
     </span>
     <span class='ocr_line' id='line_1_34' title="bbox 203 2539 1870 2604; baseline -0.001 -17"><span class='ocrx_word' id='word_1_273' title='bbox 203 2545 369 2602; x_wconf 82' lang='lat' dir='ltr'>cerpta</span> <span class='ocrx_word' id='word_1_274' title='bbox 408 2543 568 2604; x_wconf 83' lang='lat' dir='ltr'>legere</span> <span class='ocrx_word' id='word_1_275' title='bbox 608 2543 824 2589; x_wconf 85' lang='lat' dir='ltr'>contenti</span> <span class='ocrx_word' id='word_1_276' title='bbox 873 2558 1031 2604; x_wconf 91' lang='lat' dir='ltr'>neque</span> <span class='ocrx_word' id='word_1_277' title='bbox 1077 2542 1168 2588; x_wconf 88' lang='lat' dir='ltr'>hoc</span> <span class='ocrx_word' id='word_1_278' title='bbox 1213 2544 1374 2589; x_wconf 85' lang='lat' dir='ltr'>totum</span> <span class='ocrx_word' id='word_1_279' title='bbox 1420 2557 1577 2601; x_wconf 91' lang='lat' dir='ltr'>neque</span> <span class='ocrx_word' id='word_1_280' title='bbox 1624 2540 1722 2586; x_wconf 89' lang='lat' dir='ltr'>alia</span> <span class='ocrx_word' id='word_1_281' title='bbox 1769 2539 1870 2586; x_wconf 90' lang='lat' dir='ltr'>eius</span> 
     </span>
     <span class='ocr_line' id='line_1_35' title="bbox 200 2614 1871 2674; baseline -0.001 -14"><span class='ocrx_word' id='word_1_282' title='bbox 200 2615 452 2662; x_wconf 80' lang='lat' dir='ltr'>volumina</span> <span class='ocrx_word' id='word_1_283' title='bbox 493 2616 739 2674; x_wconf 76' lang='lat' dir='ltr'>evolvunt,</span> <span class='ocrx_word' id='word_1_284' title='bbox 785 2616 838 2662; x_wconf 89' lang='lat' dir='ltr'>in</span> <span class='ocrx_word' id='word_1_285' title='bbox 876 2618 1143 2662; x_wconf 85' lang='lat' dir='ltr'>maximum</span> <span class='ocrx_word' id='word_1_286' title='bbox 1189 2631 1400 2662; x_wconf 88' lang='lat' dir='ltr'>errorem</span> <span class='ocrx_word' id='word_1_287' title='bbox 1449 2614 1728 2661; x_wconf 89' lang='lat' dir='ltr'>inciderunt</span> <span class='ocrx_word' id='word_1_288' title='bbox 1773 2629 1871 2659; x_wconf 88' lang='lat' dir='ltr'>cre·</span> 
     </span>
    </p>
   </div>
   <div class='ocr_carea' id='block_1_5' title="bbox 202 2785 1757 2888">
    <p class='ocr_par' dir='ltr' id='par_1_5' title="bbox 202 2785 1757 2888">
     <span class='ocr_line' id='line_1_36' title="bbox 320 2785 1757 2840; baseline -0.003 -12"><span class='ocrx_word' id='word_1_289' title='bbox 320 2791 343 2828; x_wconf 76' lang='lat'><strong>7</strong></span> <span class='ocrx_word' id='word_1_290' title='bbox 378 2801 469 2840; x_wconf 88' lang='lat' dir='ltr'>qua</span> <span class='ocrx_word' id='word_1_291' title='bbox 500 2794 588 2829; x_wconf 82' lang='lat' dir='ltr'>BP</span> <span class='ocrx_word' id='word_1_292' title='bbox 706 2790 758 2828; x_wconf 80' lang='lat'>18</span> <span class='ocrx_word' id='word_1_293' title='bbox 791 2785 1051 2828; x_wconf 84' lang='lat' dir='ltr'>nuntiatrix</span> <span class='ocrx_word' id='word_1_294' title='bbox 1082 2793 1209 2827; x_wconf 79' lang='lat' dir='ltr'>ABP</span> <span class='ocrx_word' id='word_1_295' title='bbox 1327 2789 1379 2826; x_wconf 88' lang='grc'>19</span> <span class='ocrx_word' id='word_1_296' title='bbox 1412 2785 1693 2827; x_wconf 86' lang='lat' dir='ltr'>mentionem</span> <span class='ocrx_word' id='word_1_297' title='bbox 1724 2791 1757 2824; x_wconf 77' lang='grc' dir='ltr'><em>Α</em></span> 
     </span>
     <span class='ocr_line' id='line_1_37' title="bbox 202 2842 1495 2888; baseline -0.003 0"><span class='ocrx_word' id='word_1_298' title='bbox 202 2850 257 2888; x_wconf 81' lang='grc'>22</span> <span class='ocrx_word' id='word_1_299' title='bbox 292 2848 338 2888; x_wconf 87' lang='lat' dir='ltr'>et</span> <span class='ocrx_word' id='word_1_300' title='bbox 377 2845 502 2887; x_wconf 82' lang='lat' dir='ltr'>civili</span> <span class='ocrx_word' id='word_1_301' title='bbox 533 2852 628 2888; x_wconf 72' lang='lat' dir='ltr'>AN</span> <span class='ocrx_word' id='word_1_302' title='bbox 650 2845 722 2887; x_wconf 88' lang='lat' dir='ltr'>vel</span> <span class='ocrx_word' id='word_1_303' title='bbox 754 2844 879 2887; x_wconf 88' lang='lat' dir='ltr'>civili</span> <span class='ocrx_word' id='word_1_304' title='bbox 912 2852 955 2886; x_wconf 86' lang='lat' dir='ltr'><em>P</em></span> <span class='ocrx_word' id='word_1_305' title='bbox 1071 2847 1125 2886; x_wconf 82' lang='lat'>23</span> <span class='ocrx_word' id='word_1_306' title='bbox 1160 2846 1230 2886; x_wconf 84' lang='lat' dir='ltr'>est</span> <span class='ocrx_word' id='word_1_307' title='bbox 1261 2846 1307 2887; x_wconf 84' lang='lat' dir='ltr'>et</span> <span class='ocrx_word' id='word_1_308' title='bbox 1338 2842 1419 2885; x_wconf 89' lang='lat' dir='ltr'>ille</span> <span class='ocrx_word' id='word_1_309' title='bbox 1450 2850 1495 2884; x_wconf 84' lang='lat' dir='ltr'><em>B</em></span> 
     </span>
    </p>
   </div>
  </div>
 </body>
</html>
