2055 3130
805 79 882 122 IV.
918 83 956 132 1,
991 84 1149 121 3—15.
1719 81 1822 131 187

137 221 380 267 naturalis
420 220 562 267 favor
598 235 689 280 pro
722 219 1077 278 laborantibus,
1119 222 1166 265 et
1197 218 1343 265 iudex
1373 219 1634 281 religiosus
1666 219 1822 267 liben-

136 295 327 341 tissime
360 297 624 355 patronum
658 293 810 351 audit,
851 309 996 354 quem
1027 294 1249 339 iustitiae
1283 308 1399 339 suae
1431 295 1634 339 minime
1664 295 1821 339 timet.

136 368 251 415 inde
282 368 372 414 illa
403 371 624 414 veterum
649 367 778 413 circa
803 366 1148 413 occultandam
1188 367 1522 427 eloquentiam
1553 366 1822 426 simulatio,

137 442 348 488 multum
397 441 457 488 ab
504 441 596 486 hac
642 443 926 487 nostrorum
966 442 1248 500 temporum
1293 440 1564 487 iactatione
1613 441 1821 487 diversa.

92 531 112 563 5
138 515 398 561 vitandum
438 516 604 573 etiam,
643 530 704 560 ne
745 514 1102 572 contumeliosi,
1142 514 1366 575 maligni,
1413 514 1625 574 superbi,
1671 515 1821 560 male·
1850 516 1912 558 10

137 589 235 635 dici
272 590 326 634 in
366 604 665 649 quemquam
714 588 963 634 hominem
1004 588 1285 634 ordinemve
1332 588 1589 635 videamur
1634 590 1821 648 praeci-

135 679 328 722 pueque
369 678 552 721 eorum,
601 661 686 721 qui
723 661 855 708 laedi
901 662 998 708 nisi
1045 662 1253 709 adversa
1299 662 1519 708 iudicum
1566 662 1821 709 voluntate

135 751 232 783 non
271 739 493 796 possunt.
545 751 662 781 nam
700 735 753 781 in
792 735 1003 782 iudicem
1042 751 1102 781 ne
1144 735 1264 796 quid
1304 736 1499 783 dicatur
1537 752 1636 782 non
1674 737 1820 782 modo
1850 736 1909 780 11

134 811 315 869 palam,
378 810 461 856 sed
518 809 650 869 quod
705 811 903 856 omnino
958 809 1183 872 intellegi
1233 810 1405 870 possit,
1461 811 1666 857 stultum
1715 814 1823 857 erat

67 901 110 931 10
135 899 347 943 monere,
386 885 483 930 nisi
521 883 671 930 fieret.
726 884 873 930 etiam
912 883 1070 944 partis
1122 884 1355 931 adversae
1397 888 1635 945 patronus
1683 884 1823 931 dabit

135 957 332 1005 exordio
372 959 656 1017 materiam,
710 959 912 1004 interim
967 973 1078 1004 cum
1132 958 1331 1018 honore,
1389 958 1430 1005 si
1486 959 1822 1019 eloquentiam

133 1030 236 1078 eius
279 1035 327 1078 et
367 1032 582 1095 gratiam
620 1047 708 1078 nos
747 1031 920 1079 timere
959 1031 1211 1093 fingendo,
1262 1036 1318 1078 ut
1358 1048 1414 1078 ea
1455 1035 1683 1094 suspecta
1723 1034 1822 1079 sint

130 1105 299 1165 iudici,
338 1106 615 1165 fecerimus,
665 1106 867 1152 interim
906 1122 994 1166 per
1034 1107 1405 1164 contumeliam,
1453 1105 1535 1153 sed
1583 1107 1674 1153 hoc
1712 1122 1820 1167 per-

132 1196 284 1240 quam
321 1196 449 1239 raro,
496 1183 554 1227 ut
592 1180 798 1227 Asinius
837 1196 927 1240 pro
967 1179 1204 1227 Urbiniae
1245 1180 1507 1228 heredibus
1548 1179 1824 1227 Labienum

66 1269 107 1301 15
135 1253 406 1301 adversarii
443 1258 710 1315 patronum
749 1256 880 1300 inter
920 1258 1212 1316 argumenta
1237 1269 1412 1302 causae
1444 1255 1604 1301 malae
1636 1254 1818 1315 posuit.

132 1331 284 1390 negat
321 1329 442 1375 haec
480 1330 734 1388 prooemia
759 1343 862 1376 esse
898 1326 1152 1375 Cornelius
1181 1328 1365 1388 Celsus,
1407 1331 1526 1389 quia
1559 1330 1658 1376 sint
1684 1332 1821 1376 extra
1849 1329 1910 1372 12

132 1403 295 1449 litem:
335 1403 419 1449 sed
459 1418 548 1465 ego
583 1418 692 1449 cum
726 1404 1022 1449 auctoritate
1056 1417 1357 1449 summorum
1384 1407 1637 1450 oratorum
1660 1405 1820 1466 magis

132 1476 297 1536 ducor,
335 1479 446 1523 tum
485 1478 730 1536 pertinere
770 1477 833 1522 ad
873 1492 1069 1524 causam
1109 1479 1229 1537 puto
1273 1478 1516 1538 quidquid
1556 1477 1619 1524 ad
1659 1477 1821 1524 dicen-

129 1553 233 1597 tem
270 1550 501 1611 pertinet,
543 1566 653 1597 cum
693 1550 759 1598 sit
797 1551 1025 1597 naturale
1064 1555 1121 1597 ut
1159 1552 1345 1598 iudices
1384 1553 1461 1610 iis,
1504 1567 1625 1612 quos
1666 1551 1819 1598 liben-

63 1641 107 1672 20
131 1624 231 1670 tius
273 1625 494 1685 audiunt,
543 1615 693 1672 etiam
731 1626 930 1672 facilius
971 1625 1186 1672 credant.
1234 1627 1389 1686 ipsius
1439 1629 1604 1672 autem
1653 1625 1820 1688 litiga·
1848 1626 1908 1669 13

131 1700 254 1746 toris
293 1714 506 1760 persona
543 1699 806 1746 tractanda
845 1701 982 1746 varie
1023 1703 1119 1747 est:
1158 1715 1273 1746 nam
1312 1703 1421 1746 tum
1460 1700 1675 1763 dignitas
1717 1700 1820 1747 eius

132 1773 406 1836 adlegatur,
443 1775 552 1820 tum
586 1773 956 1820 commendatur
986 1773 1261 1821 infirmitas.
1301 1790 1675 1835 nonnumquam
1709 1790 1817 1821 con-

129 1847 284 1909 tingit
321 1848 496 1894 relatio
537 1847 845 1907 meritorum,
888 1848 945 1893 de
987 1847 1165 1908 quibus
1205 1848 1526 1895 verecundius
1560 1849 1821 1895 dicendum

131 1923 226 1968 erit
259 1937 346 1968 sua
388 1938 537 1982 quam
570 1922 732 1968 aliena
770 1922 1011 1968 laudanti.
1074 1922 1288 1968 multum
1328 1924 1433 1985 agit
1472 1938 1626 1982 sexus,
1668 1926 1820 1982 aetas,

62 2012 105 2043 25
132 1995 369 2055 condicio,
407 1999 465 2042 ut
502 1995 554 2041 in
586 1995 799 2056 feminis,
839 1996 1050 2056 senibus,
1091 1997 1309 2057 pupillis,
1350 1997 1544 2056 liberos,
1584 1997 1820 2058 parentis,

131 2069 361 2133 coniuges
403 2070 768 2132 adlegantibus:
820 2086 936 2116 nam
976 2071 1082 2117 sola
1127 2073 1315 2117 rectum
1366 2086 1560 2132 quoque
1607 2072 1820 2118 iudicem
1847 2070 1909 2115 14

129 2143 340 2190 inclinat
377 2145 644 2191 miseratio.
687 2144 996 2207 degustanda
1034 2148 1202 2192 tamen
1241 2145 1361 2192 haec
1399 2147 1674 2206 prooemiO,
1721 2161 1821 2192 non

131 2218 474 2265 consumenda.
517 2218 790 2266 adversarii
820 2235 935 2266 vero
960 2234 1170 2279 persona
1201 2235 1354 2280 prope
1386 2219 1539 2266 isdem
1576 2220 1819 2280 omnibus,

131 2292 216 2338 sed
256 2308 280 2339 e
321 2294 568 2340 contrario
609 2293 770 2340 ductis
825 2294 1095 2354 inpugnari
1136 2293 1274 2340 solet.
1330 2310 1445 2341 nam
1499 2297 1547 2341 et
1592 2296 1818 2354 potentes

63 2383 106 2413 30
131 2366 355 2426 sequitur
415 2366 606 2414 invidia
657 2370 705 2414 et
765 2367 976 2414 humiles
1034 2367 1348 2428 abiectosque
1405 2371 1714 2428 contemptus
1771 2371 1821 2415 et

129 2444 298 2500 turpes
337 2456 395 2487 ac
432 2443 661 2488 nocentes
710 2441 891 2501 odium,
942 2457 1068 2503 quae
1116 2441 1214 2487 tria
1262 2446 1375 2489 sunt
1423 2443 1485 2488 ad
1533 2443 1818 2489 alienandos

130 2513 349 2561 iudicum
389 2515 578 2563 animos
618 2516 974 2576 potentissima.
1030 2531 1188 2577 neque
1243 2516 1363 2563 haec
1415 2516 1574 2563 dicere
1614 2519 1692 2564 sat
1732 2520 1818 2576 est,
1846 2517 1907 2560 15

251 2719 276 2756 3
310 2715 625 2769 eloquentiam
657 2730 789 2759 suam
815 2723 869 2759 N
981 2721 1007 2758 4
1039 2717 1187 2759 multo
1212 2717 1320 2759 ΒΡ1
1443 2722 1466 2759 6
1500 2716 1752 2773 praecipue
1778 2725 1823 2759 P

252 2779 277 2816 8
309 2775 489 2830 possint
518 2784 673 2826 13an
794 2781 818 2818 9
853 2776 935 2818 sed
966 2791 1023 2819 ne
1049 2776 1175 2832 quod
1198 2785 1235 2817 A
1360 2781 1412 2818 10
1447 2776 1590 2819 etiam
1613 2785 1650 2818 A
1685 2777 1818 2820 Valla

130 2834 184 2875 in
226 2841 286 2875 P:
331 2834 504 2877 etenim
542 2837 649 2877 ΒΡ1
773 2840 826 2877 12
861 2838 908 2877 et
949 2844 1006 2878 A:
1057 2836 1117 2878 ad.
1163 2843 1252 2877 BP
1280 2838 1352 2891 (ac
1394 2836 1543 2891 Valla)
1678 2840 1732 2877 ‘25
1764 2838 1819 2878 ut

130 2891 181 2934 in
213 2891 335 2935 AP2:
369 2893 419 2934 in
450 2894 557 2935 31³1
678 2898 733 2937 30
767 2895 1052 2950 contemptio
1076 2895 1186 2936 BP1
