2055 3130
261 91 368 142 246
757 90 1130 143 QVlNTILIANJ
1160 89 1309 133 INST.
1343 88 1434 132 OR.

260 231 422 277 laudis
462 231 640 277 falsam
678 231 945 290 imaginem
991 228 1325 289 persecuntur,
1370 230 1492 288 ipsa,
1541 230 1741 288 propter
1780 243 1929 288 quam

202 312 231 354 2
266 303 458 363 dicitur,
498 304 706 349 victoria
747 302 935 348 cedunt.
976 304 1118 362 atqui
1156 304 1329 360 cetera,
1370 315 1492 362 quae
1518 302 1748 348 continuo
1772 302 1930 362 magis

262 378 497 424 orationis
536 378 700 422 tractu
739 374 1017 434 decurrunt,
1056 377 1109 421 in
1142 375 1379 421 auxilium
1411 376 1558 434 atque
1591 374 1932 420 ornamentum

262 451 661 512 argumentorum
701 451 1030 508 conparantur
1075 450 1332 508 nervisque
1383 447 1497 506 illis,
1553 447 1727 507 quibus
1783 462 1932 494 causa

261 525 552 581 continetur,
592 521 812 568 adiciunt
849 521 1041 569 inducti
1079 537 1224 582 super
1262 522 1477 581 corporis
1519 521 1749 580 speciem:
1788 523 1858 578 ut,
1890 522 1933 567 si
1979 536 1997 567 5

261 596 386 643 forte
437 595 553 656 quid
599 596 786 641 factum
830 596 906 641 ira
959 594 1037 641 vel
1083 597 1216 640 metu
1271 594 1349 641 vel
1403 593 1672 654 cupiditate
1727 593 1932 652 dicatur,

259 671 410 715 latius
465 684 589 729 quae
641 670 873 728 cuiusque
937 667 1153 714 adfectus
1216 671 1394 714 natura
1447 668 1512 714 sit
1564 681 1931 726 prosequamur.

260 742 415 789 isdem
446 741 718 800 laudamus,
759 742 1053 798 incusamus,
1095 756 1342 803 augemus,
1382 741 1664 799 minuimus,
1703 739 1932 786 describi-

202 822 232 866 3
264 831 386 874 mus,
449 815 758 874 deterremus,
822 816 1085 875 querimur,
1140 814 1461 872 consolamur,
1521 813 1787 859 hortamur.
1850 812 1934 860 sed

260 889 437 936 horum
476 903 576 935 esse
617 903 765 947 opera
802 889 854 933 in
893 887 1034 934 rebus
1075 890 1161 934 aut
1193 887 1351 945 certis,
1392 890 1476 933 aut
1509 885 1565 932 de
1593 886 1766 946 quibus
1799 888 1924 934 tam-
1953 905 1994 933 10
2045 886 2051 944 ἶ

263 977 411 1023 quam
451 963 596 1008 certis
636 961 898 1022 loquimur,
948 963 1124 1021 potest.
1165 976 1252 1006 nec
1291 959 1546 1006 abnuerim
1598 974 1699 1006 esse
1744 959 1934 1019 aliquid
2048 949 2051 970 ³

260 1037 313 1081 in
353 1035 692 1092 delectatione,
743 1035 955 1080 multum
993 1050 1106 1081 vero
1146 1035 1198 1080 in
1238 1033 1598 1080 commovendis
1639 1032 1932 1080 adfectibus:

263 1108 345 1155 sed
384 1109 505 1155 haec
543 1110 652 1169 ipsa
689 1108 799 1168 plus
840 1108 1022 1169 valent,
1074 1122 1183 1154 cum
1223 1122 1271 1154 se
1313 1107 1537 1153 didicisse
1584 1105 1728 1152 iudex
1775 1108 1934 1166 putat,

263 1182 392 1242 quod
425 1183 657 1241 consequi
688 1183 784 1228 nisi
809 1183 1237 1244 argumentatione
1271 1180 1465 1241 aliaque
1492 1181 1624 1226 omni
1655 1179 1747 1226 fide
1771 1196 1933 1226 rerum

261 1271 360 1302 non
400 1270 670 1316 possumus.
1961 1268 2000 1299 15

203 1334 233 1378 4
377 1328 592 1384 Quorum
646 1328 932 1388 priusquam
993 1327 1183 1388 partior
1236 1328 1440 1388 species,
1491 1326 1808 1373 indicandum
1863 1329 1936 1373 est

263 1417 364 1449 esse
420 1401 660 1463 quaedam
710 1403 761 1446 in
817 1403 949 1447 omni
997 1400 1344 1461 probationum
1408 1415 1580 1462 genere
1643 1401 1934 1447 communia.

264 1491 379 1522 nam
418 1491 573 1536 neque
612 1475 716 1521 ulla
757 1476 979 1535 quaestio
1021 1478 1107 1532 est,
1148 1490 1271 1534 quae
1311 1489 1408 1520 non
1448 1475 1512 1520 sit
1553 1476 1637 1520 aut
1676 1475 1728 1519 in
1766 1489 1817 1520 re
1851 1476 1936 1519 aut

263 1551 317 1594 in
355 1564 576 1610 persona,
616 1564 773 1608 neque
813 1563 913 1595 esse
954 1550 1356 1610 argumentorum
1396 1547 1492 1594 loci
1522 1549 1726 1607 possunt
1757 1547 1853 1593 nisi
1884 1548 1936 1592 in

204 1629 233 1672 5
266 1622 341 1680 iis,
383 1638 506 1682 quae
544 1621 687 1668 rebus
730 1624 814 1667 aut
852 1622 1071 1682 personis
1121 1620 1368 1679 accidunt,
1423 1636 1575 1681 eaque
1623 1623 1707 1666 aut
1753 1635 1840 1680 per
1885 1635 1934 1667 se
1961 1636 2002 1666 20

262 1695 440 1756 inspici
480 1696 637 1743 solent
678 1699 763 1741 aut
803 1695 864 1741 ad
905 1695 1039 1741 aliud
1077 1695 1262 1754 referri,
1301 1710 1456 1754 neque
1497 1694 1597 1740 ulla
1631 1693 1935 1740 confirmatio

264 1770 359 1815 nisi
399 1773 484 1816 aut
524 1786 579 1815 ex
620 1768 1024 1829 consequentibus
1079 1770 1165 1814 aut
1213 1784 1269 1814 ex
1320 1767 1667 1829 pugnantibus,
1719 1769 1768 1814 et
1816 1767 1936 1814 haec

264 1858 457 1889 necesse
500 1845 572 1889 est
611 1846 696 1888 aut
736 1858 791 1888 ex
839 1843 1105 1902 praeterito
1156 1845 1374 1901 tempore
1430 1844 1515 1887 aut
1566 1856 1623 1886 ex
1677 1843 1934 1887 coniuncto

266 1919 352 1962 aut
392 1932 448 1962 ex
487 1917 710 1977 sequenti
749 1919 926 1976 petere,
978 1930 1066 1962 nec
1105 1915 1207 1961 ulla
1246 1931 1320 1962 res
1361 1914 1559 1975 probari
1597 1915 1694 1960 nisi
1740 1929 1798 1960 ex
1837 1914 1937 1960 alia

265 1992 428 2050 potest
467 2005 618 2049 eaque
668 1991 730 2036 sit
778 1992 971 2049 oportet
1018 1992 1103 2035 aut
1153 1989 1310 2035 maior
1358 1991 1440 2034 aut
1487 2003 1579 2048 par
1624 1990 1711 2033 aut
1764 1989 1935 2034 minor.
1963 2003 2002 2034 25

206 2069 237 2112 6
271 2066 562 2125 argumenta
607 2078 720 2109 vero
772 2064 1081 2123 reperiuntur
1135 2066 1219 2109 aut
1273 2064 1323 2108 in
1376 2061 1757 2122 quaestionibus,
1812 2076 1937 2121 quae
2054 2051 2055 2054 Ἴ

268 2138 419 2183 etiam
460 2140 714 2198 separatae
755 2152 782 2182 a.
824 2136 1077 2196 complexu
1117 2152 1281 2182 rerum
1335 2150 1749 2196 personarumque
1806 2149 1936 2195 spec·
2054 2139 2055 2200 3

266 2211 363 2256 tari
409 2225 495 2270 per
541 2225 590 2257 se
638 2211 853 2270 possint,
906 2214 991 2255 aut
1043 2211 1095 2255 in
1150 2211 1257 2269 ipsa
1312 2224 1472 2267 causa,
1527 2223 1636 2254 cum
1690 2207 1939 2255 invenitur
2053 2201 2055 2276 A

267 2283 456 2344 aliquid
494 2285 545 2330 in
586 2299 642 2330 ea
681 2299 779 2329 non
819 2300 874 2329 ex
914 2284 1159 2330 communi
1197 2284 1387 2329 ratione
1439 2282 1653 2341 ductum,
1705 2281 1787 2328 sed
1834 2282 1936 2328 eius
2054 2277 2055 2291 ¹

266 2357 451 2416 iudicii,
491 2357 548 2403 de
588 2373 682 2417 quo
724 2358 1046 2417 cognoscitur,
1095 2356 1360 2417 proprium.
1409 2355 1754 2416 probationum
1801 2369 1937 2416 prae·
1963 2370 2004 2401 30
2053 2294 2055 2424 t

267 2433 400 2477 terea
441 2432 658 2477 omnium
691 2430 817 2477 aliae
858 2433 970 2477 sunt
995 2431 1309 2488 necessariae,
1350 2429 1475 2475 aliae
1501 2428 1770 2487 credibiles,
1811 2428 1936 2474 aliae
2052 2425 2055 2511 l

212 2511 234 2524 n-

215 2527 230 2553 s
271 2519 367 2550 non
407 2506 749 2566 repugnantes.
800 2506 847 2550 et
888 2503 1044 2550 adhuc
1085 2504 1302 2549 omnium
1340 2503 1686 2562 probationum
1728 2501 1937 2562 quadru-

388 2706 441 2744 14
474 2702 660 2757 aliaque
693 2703 816 2745 omni
849 2710 951 2744 BP:
999 2701 1239 2755 aliaquave
1273 2710 1307 2743 A
1462 2706 1513 2744 16
1546 2701 1803 2756 partiamur
1834 2699 1894 2741 Α2
1929 2700 1932 2755 Ι

269 2763 339 2802 est
370 2773 439 2803 om
471 2769 559 2802 BP
586 2776 687 2804 reor
719 2763 811 2804 add
843 2771 870 2802 b
912 2762 1042 2804 Valla
1076 2763 1126 2802 in
1158 2768 1201 2802 P
1321 2765 1372 2803 19
1406 2760 1495 2802 loci
1528 2768 1586 2802 P:
1620 2759 1721 2802 loco
1754 2767 1838 2800 AB

270 2823 324 2860 22
356 2820 725 2875 repugnantibus
750 2829 786 2861 A
804 2821 915 2863 Ecld
1035 2824 1090 2860 24
1123 2819 1335 2874 sequenti
1362 2827 1424 2861 P:
1446 2817 1831 2873 consequentibus
1857 2825 1940 2859 AB

272 2882 345 2929 (ex
363 2879 377 2920 I
394 2882 480 2934 222)
618 2883 671 2921 28
704 2881 898 2934 possunt
920 2879 1106 2921 Eleister
1133 2880 1140 2935 ‚¹
1168 2881 1249 2920 aut
1273 2878 1374 2934 ipsa
1395 2887 1431 2919 A
1554 2881 1607 2919 29
1632 2890 1724 2920 11011
1742 2889 1797 2919 ex
1814 2883 1942 2920 omB
