2055 3130
268 83 374 135 218
691 83 696 88 ’
768 82 1145 134 QVINTILIANI
1173 81 1324 125 INST.
1359 81 1449 126 ΟΒ.

267 223 584 283 quentissime
626 221 958 280 custodienda,
996 223 1146 268 immo
1186 236 1467 281 numquam,
1514 222 1610 268 nisi
1655 223 1784 268 ratio
1832 237 1937 268 coe-

143 294 245 340 104
270 297 412 358 gerit,
450 295 699 341 mutanda.
739 296 796 340 ut
834 296 898 342 sit
939 295 1177 355 expositio
1217 295 1475 355 perspicua
1508 297 1557 341 et
1594 294 1771 353 brevis,
1810 295 1936 340 nihil

267 369 464 429 quidem
501 370 605 414 tam
643 383 754 414 raro
793 370 976 427 poterit
1014 368 1190 414 habere
1229 368 1471 413 rationem
1512 383 1659 427 quam
1694 369 1936 414 excursio:

266 457 354 488 nec
391 456 624 501 umquam
665 440 860 487 debebit
899 456 1000 488 esse
1039 443 1135 487 nisi
1173 440 1333 487 brevis
1374 443 1423 486 et
1461 441 1592 500 talis,
1630 444 1685 487 ut
1724 442 1775 487 vi
1815 456 1937 501 qua—

266 515 378 561 dam
417 514 671 561 videamur
710 514 929 561 adfectus
969 514 1106 560 velut
1144 516 1275 560 recto
1315 515 1490 560 itinere
1531 513 1736 574 depulsi,
1777 514 1935 574 qualis

144 588 242 632 105
269 590 342 635 est
397 585 640 634 Ciceronis
696 588 825 633 circa
878 587 1075 647 nuptias
1132 586 1321 633 Sasiae:
1393 583 1438 633 ‘o
1493 587 1711 634 mulieris
1781 587 1935 634 scelus

263 661 548 708 incredibile
618 663 666 707 et
726 663 923 720 praeter
982 661 1106 706 hanc
1167 676 1315 706 unam
1383 660 1434 705 in
1490 662 1623 706 omni
1691 659 1794 706 vita
1862 660 1936 706 in-

265 734 508 781 auditum!
563 750 588 780 o
640 733 895 780 libidinem
942 733 1229 780 effrenatam
1268 736 1315 779 et
1354 733 1666 780 indomitam!
1719 748 1746 779 o
1787 732 1935 779 auda-

264 809 393 855 ciam
432 807 754 869 singularem!
817 822 977 854 nonne
1015 806 1255 865 timuisse,
1311 808 1352 853 si
1390 808 1552 853 minus
1592 808 1694 853 vim
1733 806 1936 853 deorum

264 881 612 940 hominumque
674 881 872 939 famam,
935 882 987 926 at
1054 880 1193 925 illam
1247 880 1405 939 ipsam
1465 882 1658 926 noctem
1708 880 1935 941 facesque

263 954 377 1001 illas
428 952 708 1014 nuptiales?
760 969 856 1000 non
908 953 1057 999 limen
1106 951 1348 1000 cubiculi?
1411 968 1508 999 non
1561 953 1718 1000 cubile
1770 951 1935 999 filiae?

263 1044 362 1074 non
427 1029 640 1088 pan'etes
705 1027 914 1087 denique
968 1028 1121 1086 ipsos,
1177 1027 1479 1087 superiorum
1536 1029 1686 1073 testes
1740 1028 1936 1086 nuptia-

145 1100 240 1144 106
265 1097 426 1147 rum?'
469 1116 625 1147 sermo
666 1116 779 1147 vero
821 1116 1019 1147 aversus
1061 1116 1088 1146 a
1127 1099 1285 1146 iudice
1328 1104 1374 1146 et
1405 1099 1598 1146 brevius
1638 1099 1825 1146 indicat
1863 1099 1936 1145 in-

262 1174 407 1221 terim
447 1177 496 1221 et
535 1173 755 1236 coarguit
794 1173 972 1235 magis:
1014 1189 1110 1233 qua
1150 1173 1209 1220 de
1247 1189 1298 1219 re
1330 1173 1473 1231 idem,
1515 1173 1645 1233 quod
1683 1173 1736 1219 in
1766 1188 1935 1233 prooe-

263 1249 360 1295 mio
401 1248 633 1305 dixeram,
680 1248 853 1306 sentio,
905 1247 1032 1292 sicut
1072 1247 1129 1292 de
1176 1246 1534 1306 prosopopoeia
1581 1262 1785 1306 quoque,
1838 1261 1935 1307 qua

261 1324 428 1368 tamen
483 1337 581 1367 non
629 1320 825 1366 Servius
883 1320 1026 1367 modo
1081 1320 1327 1380 Sulpicius
1383 1321 1540 1366 utitur
1597 1335 1686 1380 pro
1740 1319 1937 1365 Aufidia

265 1391 515 1442 ‘somnone
548 1397 596 1441 te
629 1394 919 1455 languidum
947 1409 1009 1440 an
1034 1393 1173 1454 gravi
1205 1394 1430 1454 lethargo
1455 1398 1623 1453 putem
1648 1408 1867 1453 pressum
1878 1387 1936 1452 ?’,

263 1468 346 1514 sed
385 1467 448 1515 Μ.
491 1483 681 1528 quoque
730 1468 920 1513 Tullius
969 1468 1098 1513 circa
1137 1467 1409 1513 nauarchos
1462 1460 1599 1530 (nam
1641 1482 1697 1512 ea
1744 1481 1936 1527 quoque

261 1543 335 1587 rei
359 1543 597 1602 expositio
624 1534 743 1605 est):
787 1537 859 1587 ‘ut
885 1541 1046 1599 adeas,
1069 1543 1266 1586 tantum
1291 1535 1446 1586 dabis’
1475 1544 1523 1586 et
1554 1539 1757 1600 reliqua.
1785 1537 1936 1600 quid?

144 1615 234 1657 1οῖ
263 1631 351 1675 pro
388 1614 611 1661 Cluentio
647 1614 836 1661 Staieni
874 1614 1120 1674 Bulbique
1147 1613 1463 1674 conloquium
1488 1629 1647 1660 nonne
1672 1613 1734 1659 ad
1770 1613 1935 1660 celeri-
1961 1630 1979 1660 ‘2

262 1692 414 1735 tatem
454 1689 721 1749 plurimum
762 1691 809 1734 et
849 1687 911 1733 ad
950 1687 1095 1733 fidem
1135 1685 1354 1734 confert?
1395 1703 1520 1747 quae
1558 1703 1616 1732 ne
1657 1687 1828 1734 fecisse
1861 1687 1934 1732 in-

262 1762 576 1809 observantia
617 1761 828 1822 quadam
859 1761 1101 1819 videatur,
1143 1776 1443 1821 quamquam
1473 1760 1563 1807 hoc
1594 1762 1646 1806 in
1669 1760 1757 1808 illo
1784 1759 1933 1806 credi-

261 1836 359 1882 bile
392 1851 489 1882 non
522 1837 609 1894 est,
655 1837 706 1881 in
738 1835 1089 1895 partitionibus
1122 1834 1378 1895 praecipit,
1416 1837 1472 1880 ut
1503 1833 1684 1880 habeat
1714 1833 1933 1880 narratio

263 1909 645 1967 suavitatem,
702 1909 1147 1967 admirationes,
1205 1908 1674 1968 expectationes,
1737 1908 1933 1953 exitus

263 1983 630 2043 inopinatos,
656 1983 973 2042 conloquia
998 1997 1406 2042 personarum,
1427 1996 1621 2027 omnes
1648 1980 1933 2028 adfectus.
1984 1996 1999 2026 ε

145 2055 238 2099 108
265 2056 718 2118 argumentabimur
755 2057 809 2102 in
847 2056 1144 2111 narratione,
1194 2057 1249 2101 ut
1297 2055 1411 2113 dixi,
1457 2070 1745 2114 numquam:
1794 2070 1934 2116 argu-

261 2133 480 2176 mentum
542 2144 777 2190 ponemus
848 2129 1136 2189 aliquando,
1207 2128 1336 2189 quod
1404 2128 1523 2174 facit
1587 2143 1674 2189 pro
1736 2126 1934 2190 Ligario

262 2202 453 2261 Cicero,
505 2219 614 2250 cum
653 2203 786 2261 dicit,
828 2204 896 2249 sic
935 2218 1046 2249 eum
1093 2202 1373 2263 provinciae
1419 2202 1711 2261 praefuisse,
1758 2204 1814 2248 ut
1858 2201 1936 2247 illi

259 2292 431 2337 pacem
483 2292 585 2324 esse
632 2276 894 2336 expediret.
950 2278 1217 2322 inseremus
1270 2276 1566 2335 expositioni
1619 2277 1667 2320 et
1720 2274 1932 2333 brevem,

381 2465 404 2503 6
437 2476 481 2516 p.
517 2460 692 2504 cluent.
728 2466 766 2512 6,
803 2465 854 2503 15
892 2487 942 2492 —
987 2465 1039 2503 18
1073 2460 1199 2502 Verr.
1235 2465 1274 2514 5,
1308 2465 1377 2512 45,
1412 2463 1494 2502 118
1538 2451 1595 2491 —'
1643 2462 1698 2501 20
1732 2471 1755 2500 e
1788 2461 1842 2499 26
1876 2483 1932 2489 -

264 2524 903 2572 2309‚32-2802‚4

380 2701 404 2738 5
438 2696 581 2753 velut]
616 2710 643 2739 a
684 2697 740 2740 Vt
763 2711 799 2751 p
831 2700 916 2738 426
1040 2700 1091 2737 13
1124 2709 1228 2738 vero
1261 2703 1297 2736 A
1331 2709 1396 2738 om
1432 2703 1519 2737 BP
1555 2693 1933 2748 quandoquidem

268 2756 327 2798 Vt
447 2760 501 2797 14
535 2755 590 2797 de
623 2768 715 2810 qua
746 2768 795 2798 re
827 2763 863 2796 Α
892 2755 897 2811 Ι
925 2755 993 2812 in]
1029 2755 1084 2796 de
1110 2762 1198 2796 BP
1317 2759 1367 2796 17
1401 2753 1624 2808 languido
1657 2761 1799 2796 ABP:
1832 2766 1934 2795 corr

260 2822 324 2855 ab
447 2818 499 2856 18
525 2821 605 2856 sed
637 2822 693 2856 A:
729 2816 775 2857 et
799 2822 886 2855 BP
1006 2818 1057 2855 19
1092 2817 1161 2855 est
1193 2827 1262 2856 om
1290 2821 1330 2854 Β
1449 2818 1501 2855 21
1537 2812 1596 2855 ad.
1620 2820 1656 2854 A
1692 2813 1799 2868 th
1824 2816 1929 2854 427:

259 2886 332 2916 om
363 2880 451 2914 ΒΡ
568 2877 622 2915 26
655 2873 703 2914 in
734 2872 998 2915 narratione
1031 2886 1100 2916 om
1131 2879 1220 2914 ΒΡ

1962 897 2003 927 10

1962 1262 2002 1294 15
