2007 3120
186 69 260 119 74
688 66 1065 119 QVINTILIANI
1095 66 1244 110 INST.
1278 65 1370 111 ΟΒ.

187 208 408 254 animum
448 221 504 253 ac
543 205 794 253 succedere
836 220 885 252 se
931 206 982 252 in
1029 221 1196 252 eorum
1241 207 1418 264 locum,
1467 222 1493 251 a
1542 205 1716 266 quibus
1764 206 1857 254 sibi

122 287 157 330 5
186 280 333 326 liberi
371 279 646 337 tradantur,
687 279 945 325 existimet.
986 280 1091 338 ipse
1129 293 1217 325 nec
1254 279 1435 326 habeat
1458 278 1581 326 vitia
1604 294 1691 325 nec
1715 279 1857 326 ferat.

187 369 286 400 non
327 352 586 400 austeritas
627 353 729 398 61115
768 352 940 411 tristis,
979 368 1074 398 non
1124 351 1361 398 dissoluta
1415 352 1480 399 sit
1526 353 1752 411 comitas,
1798 368 1857 398 ne

185 426 300 473 inde
339 426 519 485 odium,
557 426 670 471 hinc
710 427 1015 485 contemptus
1056 426 1258 472 oriatur.
1304 425 1546 485 plurimus
1586 425 1631 471 ei
1676 425 1735 472 de
1774 425 1857 473 ho-

186 501 327 546 nesto
377 513 433 545 ac
470 499 596 545 bono
637 513 793 545 sermo
833 499 920 558 sit3
959 514 1072 545 nam
1112 514 1207 557 quo
1247 499 1440 558 saepius
1473 498 1728 558 monuerit,
1766 499 1858 545 hoc
1904 514 1922 545 5

186 574 347 620 rarius
373 572 650 634 castigabit,
688 572 886 617 minime
911 571 1187 631 iracundus,
1228 587 1314 618 nec
1345 573 1510 617 tamen
1542 587 1709 618 eorum
1733 586 1858 632 quae

187 645 492 693 emendanda
530 647 673 691 erunt
704 645 1050 703 dissimulator,
1090 645 1296 704 simplex
1327 645 1379 690 in
1409 644 1637 704 docendo,
1667 645 1859 705 patiens

124 726 160 768 6
188 719 385 774 laboris,
429 718 662 765 adsiduus
701 720 866 778 potius
907 733 1056 779 quam
1109 718 1392 765 inmodicus.
1441 717 1858 779 interrogantibus

189 792 399 839 libenter
436 791 744 852 respondeat,
783 807 881 837 non
919 792 1279 853 interrogantes
1304 794 1616 851 percontetur
1638 791 1783 838 ultro.
1807 793 1860 838 in

188 865 449 912 laudandis
476 865 825 925 discipulorum
850 864 1145 912 dictionibus
1177 880 1263 911 nec
1287 865 1531 925 malignus
1557 879 1645 910 nec
1670 864 1860 924 effusus,
1886 881 1928 912 10

189 941 307 1000 quia
346 954 422 985 res
462 939 618 985 altera
656 937 874 984 taedium
913 938 1111 998 laboris,
1151 938 1307 984 altera
1357 938 1667 984 securitatem
1712 939 1859 998 parit.

133 1021 156 1063 7
187 1014 242 1058 111
282 1012 582 1059 emendando
632 1027 755 1071 quae
803 1011 1089 1073 corrigenda
1140 1014 1283 1058 erunt
1327 1026 1425 1058 non
1472 1011 1670 1058 acerbus
1717 1012 1860 1058 mini-

189 1101 363 1146 meque
397 1085 795 1142 contumeliosus,
843 1100 958 1130 nam
996 1085 1048 1131 id
1087 1084 1282 1145 quidem
1321 1085 1501 1131 multos
1541 1100 1569 1130 a
1607 1085 1859 1145 proposito

189 1159 420 1206 studendi
457 1159 613 1221 fugat,
653 1158 782 1219 quod
823 1158 1023 1218 quidam
1062 1158 1130 1205 sic
1162 1158 1437 1220 obiurgant,
1477 1159 1618 1218 quasi
1657 1157 1860 1204 oderint.

127 1240 160 1283 8
188 1235 295 1294 ipse
336 1232 537 1292 aliquid,
577 1234 727 1278 immo
767 1232 924 1278 multa
964 1232 1140 1278 cotidie
1181 1232 1326 1289 dicat,
1367 1247 1490 1292 quae
1531 1247 1688 1279 secum
1725 1231 1859 1277 audi-
1887 1247 1927 1279 15
1984 1242 1990 1263 '-

187 1309 320 1352 tores
359 1306 588 1352 referant.
629 1306 746 1352 lieet
785 1305 914 1351 enim
952 1307 1072 1352 satis
1112 1306 1441 1366 exemplorum
1475 1304 1536 1350 ad
1568 1304 1863 1351 imitandum

189 1396 248 1426 ex
286 1380 495 1426 lectione
543 1379 837 1440 suppeditet,
883 1381 1047 1424 tamen
1098 1380 1213 1425 viva
1263 1379 1366 1437 illa,
1416 1380 1471 1424 ut
1526 1377 1718 1437 dicitur,
1770 1393 1862 1424 vox

188 1453 283 1500 alit
321 1453 512 1514 plenius
551 1445 908 1513 praecipueque
948 1454 1293 1513 praeceptoris,
1334 1467 1476 1512 quem
1525 1450 1774 1511 discipuli,
1822 1453 1865 1498 si

191 1526 335 1573 modo
375 1528 504 1572 recte
545 1528 659 1573 sunt
689 1526 920 1582 instituti,
961 1529 1009 1572 et
1041 1527 1209 1571 amant
1241 1528 1289 1572 et
1312 1528 1553 1571 verentur.
1592 1526 1674 1571 vix
1700 1526 1864 1571 autem
1998 1581 2001 1588 .

191 1601 290 1646 dici
313 1602 491 1660 potest,
532 1601 715 1661 quanto
740 1599 975 1646 libentius
999 1599 1251 1645 imitemur
1283 1613 1377 1657 eos,
1417 1598 1593 1659 quibus
1627 1599 1860 1645 favemus.
1887 1614 1929 1645 20

127 1684 164 1726 9
301 1673 503 1720 Minime
543 1689 657 1720 vero
697 1673 1023 1733 permittenda
1063 1673 1239 1733 pueris,
1276 1674 1334 1718 ut
1357 1672 1412 1718 fit
1437 1671 1566 1732 apud
1591 1672 1863 1732 plerosque,

190 1747 488 1808 adsurgendi
527 1746 874 1806 exultandique
913 1747 962 1791 in
1004 1746 1251 1792 laudando
1291 1745 1511 1792 licentia:
1554 1747 1673 1805 quin
1714 1746 1864 1792 etiam

190 1822 425 1868 iuvenum
464 1820 708 1866 modicum
751 1835 867 1877 esse,
908 1836 1016 1867 cum
1065 1819 1278 1878 audient,
1325 1819 1661 1866 testimonium
1708 1818 1860 1865 debet.

190 1895 264 1940 ita
303 1893 385 1940 fiet
425 1897 480 1940 ut
520 1910 575 1939 ex
615 1893 795 1940 iudicio
834 1894 1163 1954 praeceptoris
1189 1892 1456 1953 discipulus
1480 1892 1692 1952 pendeat
1716 1894 1863 1952 atque

102 1977 168 2021 10
191 1968 245 2014 id
284 1983 333 2014 se
374 1967 550 2014 dixisse
598 1970 742 2026 recte,
790 1966 920 2028 quod
968 1967 1026 2012 ab
1077 1982 1130 2012 eo
1185 1965 1486 2026 probabitur,
1541 1965 1718 2013 credat.
1773 1965 1863 2011 illa
1888 1980 1929 2012 25

192 2056 307 2088 vero
358 2041 690 2098 vitiosissima,
747 2056 870 2100 quae
916 2041 1017 2086 iam
1062 2040 1344 2086 humanitas
1391 2042 1609 2096 vocatur,
1654 2040 1864 2085 invicem
2004 2063 2007 2230 Ι

192 2114 570 2175 qualiacumque
610 2113 844 2161 laudandi
884 2129 994 2159 cum
1034 2116 1105 2159 est
1143 2113 1372 2160 indecora
1420 2115 1468 2158 et
1512 2112 1769 2159 theatralis
1817 2114 1865 2158 et

192 2204 358 2235 severe
398 2188 640 2235 institutis
680 2187 855 2235 scholis
897 2187 1070 2245 aliena,
1110 2189 1216 2232 tum
1250 2186 1526 2233 studiorum
1556 2186 1863 2246 perniciosis-

193 2264 320 2308 sima
358 2261 537 2309 hostis:
579 2276 879 2321 supervacua
919 2262 1048 2306 enim
1088 2260 1316 2306 videntur
1355 2274 1470 2306 cura
1510 2274 1566 2306 ac
1587 2258 1741 2317 labor,
1780 2273 1866 2318 pa-

104 2344 166 2386 11
193 2338 305 2382 rata
346 2335 583 2395 quidquid
623 2334 882 2380 effuderint
920 2333 1080 2380 laude.
1121 2334 1318 2379 vultum
1356 2334 1511 2394 igitur
1534 2332 1864 2393 praeceptoris
1889 2348 1932 2379 30

194 2409 377 2454 intueri
414 2411 519 2455 tam
557 2410 644 2469 qui
683 2408 892 2454 audiunt
931 2407 1107 2454 debent
1146 2423 1294 2467 quam
1332 2407 1436 2467 ipse
1483 2407 1567 2467 qui
1607 2405 1747 2452 dicit:
1793 2406 1866 2452 ita

195 2483 327 2528 enim
364 2481 617 2542 probanda
657 2485 806 2541 atque
845 2480 1151 2542 inprobanda
1191 2480 1445 2538 discernet,
1484 2480 1526 2525 si
1557 2480 1671 2526 stilo
1712 2479 1865 2526 facul-

105 2563 170 2606 12
193 2558 272 2602 tas
313 2557 579 2617 continget,
634 2555 884 2602 auditione
936 2554 1184 2601 iudicium.
1238 2555 1289 2599 at
1342 2567 1469 2599 nunc
1521 2553 1665 2614 proni
1719 2555 1865 2612 atque

196 2630 432 2676 succincti
471 2629 530 2675 ad
573 2645 766 2675 omnem
805 2628 1088 2697 clausularq
1100 2643 1197 2690 3non
1224 2629 1487 2688 exsurgunt
1511 2626 1669 2685 modo,
1695 2642 1867 2673 verum

320 2802 371 2840 15
405 2798 565 2840 audita
598 2805 686 2839 BP
805 2801 857 2839 18
891 2797 987 2839 eius
1019 2795 1331 2852 praeceptoris
1363 2802 1394 2837 S
1507 2798 1560 2837 29
1585 2794 1768 2837 videtur
1783 2801 1871 2835 BP

200 2857 206 2915 Ι
235 2857 308 2914 ac]
343 2859 389 2900 et
421 2865 455 2897 A
578 2861 631 2899 32
666 2857 732 2899 sic
764 2856 871 2898 stilo
906 2863 948 2897 Ρ
