2055 3130
766 75 840 117 [Π.
876 79 917 128 8,
950 79 1139 118 35—48.
1696 78 1797 128 171

115 215 315 264 Caesari
368 217 579 277 possint:
642 210 817 263 ‘simne
877 215 1034 262 bonus
1096 217 1186 275 vir,
1250 217 1292 262 si
1352 216 1473 264 haec
1534 215 1803 264 suadeam?

113 291 330 337 minime.
408 291 622 337 suasoris
699 290 830 336 enim
907 289 1023 336 finis
1101 293 1176 337 est
1252 290 1445 337 utilitas
1525 291 1643 349 eius,
1723 291 1801 336 cui

114 365 326 425 quisque
388 363 574 411 suadet.
637 365 691 410 at
749 364 886 410 recta
947 366 1075 410 sunt:
1139 365 1248 424 quis
1311 361 1496 426 negat?
1559 363 1643 410 sed
1703 379 1801 410 non

113 440 190 485 est
250 453 442 498 semper
516 437 661 484 rectis
723 437 776 482 in
839 437 1088 484 suadendo
1157 434 1329 484 locus'.
1393 437 1479 484 sed
1549 440 1665 497 quia
1729 441 1802 484 est

67 529 87 561 5
114 511 264 559 altior
310 512 536 572 quaestio
582 526 671 558 1100
717 513 916 557 tantum
963 511 1025 558 ad
1073 513 1321 559 suasorias
1368 513 1598 573 pertinet,
1655 512 1801 558 desti-

43 901 86 930 10

40 1642 83 1672 20

39 2013 82 2044 25

113 588 259 633 natus
300 587 375 632 est
413 585 538 631 mihi
574 585 713 631 locus
753 584 1056 643 duodecimo,
1099 587 1183 646 qui
1224 601 1444 633 summus
1483 586 1679 633 futurus
1714 589 1801 645 est,

112 659 254 706 libro.
296 675 383 706 nec
416 674 505 721 ego
532 659 806 720 quidquam
829 658 938 705 fieri
961 659 1174 720 turpiter
1198 660 1361 707 velim.
1401 675 1574 708 verum
1597 661 1799 706 interim
1825 659 1889 703 43

110 733 233 780 11300
271 734 351 781 vel
392 733 455 779 ad
493 733 773 780 scholarum
813 734 1187 781 exercitationes
1226 736 1473 794 perfflnere
1516 733 1799 780 credantur:

110 823 228 854 nam
268 810 318 853 et
354 808 641 868 iniquorum
679 809 809 854 ratio
849 807 1096 855 noscenda
1146 810 1242 867 est,
1297 812 1353 855 ut
1406 808 1586 855 melius
1643 823 1802 869 aequa

109 883 353 928 tueamur.
392 883 593 928 interim
633 883 675 928 si
715 882 827 943 quis
866 881 994 929 bono
1034 882 1294 929 inhonesta
1335 883 1577 941 suadebit,
1628 883 1798 929 memi-
1824 881 1888 926 44

110 955 242 1002 nerit
280 972 378 1003 non
419 955 622 1003 suadere
661 958 920 1016 tamquam
965 957 1242 1015 inhonesta,
1293 958 1350 1003 ut
1398 956 1601 1018 quidam
1641 956 1798 1004 decla-

108 1032 324 1077 matores
351 1029 554 1076 Sextum
578 1029 867 1091 Pompeium
894 1029 956 1076 ad
978 1030 1243 1091 piraticam
1267 1034 1471 1092 propter
1501 1031 1594 1078 1100
1618 1031 1800 1092 ipsum,

110 1104 244 1165 quod
282 1105 443 1166 turpis
492 1106 541 1150 et
588 1104 803 1151 crudelis
854 1103 934 1164 sit,
985 1105 1272 1166 impellunt,
1322 1106 1407 1152 sed
1456 1105 1648 1152 dandus
1694 1105 1798 1151 illis

109 1178 412 1226 deformibus
452 1178 586 1225 color
638 1177 789 1238 idque
836 1180 987 1225 etiam
1034 1179 1165 1240 apud
1219 1180 1399 1239 malos,
1455 1195 1612 1240 neque
1669 1180 1799 1225 enim

65 1269 84 1301 5
111 1254 380 1314 quisquam
419 1255 494 1300 est
530 1254 635 1298 tam
667 1253 842 1310 malus,
882 1256 941 1300 ut
963 1253 1123 1301 videri
1146 1254 1281 1301 velit.
1323 1256 1391 1301 sic
1417 1252 1635 1301 Catilina
1669 1253 1801 1314 apud
1825 1254 1888 1298 45

110 1325 404 1374 Sallustium
442 1327 679 1387 loquitur,
742 1329 798 1373 ut
836 1342 940 1373 rem
981 1327 1412 1375 sceleratissimam
1450 1344 1548 1375 11011
1587 1328 1799 1386 malitia,

109 1401 193 1447 sed
223 1401 570 1464 indignatione
609 1400 841 1448 videatur
880 1401 1073 1461 audere,
1114 1404 1182 1449 sic
1214 1402 1397 1450 Atreus
1431 1402 1563 1464 apud
1586 1402 1799 1448 Varium

680 1471 800 1522 eiam
839 1472 962 1523 fero'
1003 1479 1170 1538 inquit
1211 1473 1613 1535 ‘infandissima’,

260 1545 381 1596 ‘iam
418 1550 578 1596 facere
620 1546 801 1612 cogor'.

109 1626 294 1684 quanto
334 1626 494 1687 magis
536 1625 620 1681 eis,
674 1624 852 1684 quibus
900 1640 1018 1672 cura
1065 1625 1228 1672 famae
1275 1626 1386 1684 fuit,
1435 1624 1798 1672 conservandus

107 1700 182 1744 est
220 1697 300 1745 1110
338 1699 477 1745 velut
525 1697 754 1745 ambit-us.
812 1715 962 1760 quare
1004 1702 1066 1758 et,
1123 1715 1237 1746 cum
1294 1699 1518 1747 Ciceroni
1571 1699 1798 1746 dabimus
1822 1701 1888 1745 46

107 1772 368 1819 consilium
408 1777 467 1819 ut
512 1774 788 1819 Antonium
837 1777 992 1836 roget,
1044 1774 1124 1821 vel
1173 1776 1324 1821 etiam
1371 1777 1428 1820 ut
1474 1774 1797 1835 Philippicas,

105 1847 180 1892 ita
219 1848 378 1893 vitam
416 1847 680 1908 pollicente
722 1864 792 1907 eo,
833 1851 1019 1907 exurat,
1059 1864 1158 1895 non
1198 1848 1524 1909 cupiditatem
1556 1849 1680 1895 lucis
1714 1848 1797 1894 ad-

105 1920 383 1983 legabimus
433 1915 576 1973 (11300
615 1923 747 1968 0111111
788 1924 831 1969 si
867 1923 1004 1969 valet
1041 1924 1094 1969 in
1135 1925 1300 1970 animo
1349 1925 1467 1982 eius,
1515 1922 1797 1970 tacentibus

108 2011 304 2056 quoque
342 1995 484 2043 nobis
523 1989 698 2061 valet),
739 1996 824 2043 sed
863 2000 921 2043 ut
961 2013 1011 2044 se
1050 1999 1124 2043 rei
1161 1997 1389 2058 publicae
1430 2000 1591 2044 servet
1629 1997 1797 2043 horta-

104 2067 283 2115 bimur.
323 2069 415 2117 hac
452 2070 532 2116 illi
571 2085 695 2131 opus
736 2075 810 2118 est
841 2073 1109 2131 occasione,
1149 2088 1210 2119 ne
1243 2088 1356 2118 eum
1386 2072 1565 2118 talium
1596 2086 1798 2133 precum
1824 2072 1884 2117 47

105 2143 307 2204 pudeat.
364 2146 414 2191 et
469 2142 520 2191 C.
576 2143 778 2192 Caesari
832 2145 1093 2192 suadentes
1147 2162 1356 2208 regnum
1411 2145 1797 2205 adfirmabimus,

106 2220 237 2264 stare
276 2220 378 2264 13111
416 2235 516 2265 rem
558 2219 810 2280 publicam
847 2221 946 2266 nisi
983 2236 1081 2266 uno
1121 2224 1320 2283 regente
1360 2237 1459 2267 non
1482 2235 1639 2281 posse.
1680 2236 1797 2267 nam

107 2293 195 2352 qui
233 2292 292 2338 de
331 2308 384 2339 re
422 2293 613 2340 nefaria
655 2293 909 2353 deliberat,
960 2294 1013 2340 id
1053 2294 1214 2341 solum
1255 2297 1464 2356 quaerit,
1513 2311 1609 2356 quo
1650 2294 1796 2342 modo

38 2383 83 2414 33
106 2381 258 2426 quam
295 2368 558 2413 minimum
595 2383 797 2428 peccare
836 2369 1078 2415 videatur.

217 2440 435 2488 Multum
472 2443 624 2488 refert
664 2444 828 2502 etiam,
871 2459 999 2504 quae
1032 2445 1097 2489 sit
1134 2427 1637 2504 persona-suadentis,
1679 2445 1797 2505 quia
1821 2443 1885 2488 48

228 2616 251 2653 1
284 2612 358 2655 Ad
397 2612 456 2654 M.
498 2612 718 2656 Brutrum
758 2613 811 2657 fr.
846 2613 882 2655 E
914 2614 1023 2657 vm
1055 2619 1093 2656 6.
1127 2613 1188 2658 M.
1239 2641 1294 2646 ——
1344 2619 1398 2658 15
1440 2614 1621 2658 Coniur.
1658 2613 1794 2658 Catil.

108 2682 132 2711 c
165 2674 221 2712 20
254 2697 309 2702 —
344 2675 397 2714 18
432 2685 488 2715 ex
519 2672 632 2715 Vari
662 2673 869 2728 Thyesta
901 2689 931 2729 p
966 2679 1050 2716 265
1082 2674 1220 2717 Ribb.

229 2838 282 2876 16
315 2834 692 2878 scelestissimam
723 2845 762 2878 Α
944 2841 998 2879 21
1032 2836 1162 2880 velut
1193 2838 1453 2881 Francius:
1500 2837 1574 2880 vel

108 2896 162 2934 31
197 2893 329 2951 quia]
361 2894 443 2948 qui
472 2903 511 2937 A
543 2896 619 2938 cui
650 2914 683 2937 a
