2055 3130
782 48 838 92 V.
873 53 941 103 12,
977 53 1134 91 1—11.
1692 49 1801 100 283

117 185 341 238 sciebas':
397 188 592 251 singula
630 188 762 236 levia
800 191 916 235 sunt
955 190 1004 234 et
1050 190 1348 247 communia,
1400 190 1631 235 univ-ersa
1684 204 1800 235 vero

116 266 310 322 nocent,
350 265 501 310 etiam
540 263 582 310 si
619 278 719 309 non
757 265 815 308 ut
853 262 1071 321 fulmine,
1111 264 1280 308 tamen
1318 264 1375 308 ut
1413 262 1664 324 grandine.

231 335 482 392 Quaedam
522 338 816 398 argumenta
853 350 1034 396 ponere
1075 337 1194 382 satis
1235 351 1334 382 non
1375 338 1467 382 est:
1517 334 1799 382 adiuvanda
1861 336 1890 378 6

118 412 254 469 sunt,
295 414 351 457 ut
385 407 648 470 ‘cupiditas
690 424 837 456 causa
877 408 1073 456 sceleris
1113 403 1244 455 fuit':
1297 425 1421 470 quae
1461 409 1526 456 sit
1564 410 1639 456 vis
1675 408 1801 468 eius,

72 500 92 531 5
121 480 248 530 eira':
289 486 530 545 quantum
570 483 753 531 efficiat
790 484 844 529 in
884 484 1060 530 animis
1107 483 1363 530 hominum
1409 483 1525 530 talis
1575 482 1800 530 adfectio.

115 559 188 604 ita
229 559 278 604 et
316 557 535 605 firmiora
574 559 717 604 erunt
769 557 876 618 ipsa
929 560 978 603 31
1029 557 1138 618 plus
1192 556 1444 603 habebunt
1507 557 1708 615 decoriS,
1760 557 1803 604 si

114 647 214 679 non
253 631 408 678 nudos
451 634 499 678 et
536 631 673 679 velut
706 646 848 678 carne
880 630 1118 690 spoliatos
1152 634 1288 678 artus
1322 631 1637 678 ostenderint.
1673 629 1798 676 mul-
1865 631 1888 674 7

114 708 224 752 tum
265 707 418 752 etiam
455 706 618 765 refert,
659 705 701 752 si
741 708 1030 766 argumento
1071 706 1287 751 nitemur
1326 705 1448 766 odii,
1504 708 1672 751 utrum
1711 705 1802 751 hoc

117 795 174 825 ex
213 779 403 827 invidia
442 780 507 826 sit
547 795 609 826 an
650 795 707 825 ex
744 778 926 825 iniuria
968 795 1031 825 an
1071 795 1127 825 ex
1169 779 1373 837 ambitu,
1423 781 1564 827 vetus
1614 795 1677 826 an
1715 793 1800 824 no-

48 870 92 901 10
115 870 248 913 vum,
290 853 520 901 adversus
558 853 843 900 inferiorem
881 869 1048 913 parem
1091 852 1406 913 superiorem,
1448 854 1666 900 alienum
1690 867 1802 913 pro-

114 929 371 988 pinquum.
424 942 536 974 suos
584 927 768 973 habent
808 928 974 974 omnia
1012 928 1110 973 ista
1149 930 1397 974 tractatus
1453 930 1502 973 et
1553 927 1616 974 ad
1666 926 1802 972 utili-

113 1003 270 1048 tatem
300 1001 457 1062 partis
491 1002 611 1060 eius,
646 1017 794 1061 quam
824 1004 1034 1060 tuemur,
1073 1001 1330 1048 referenda
1354 1004 1481 1049 sunt.
1514 1016 1602 1048 nec
1632 1003 1801 1048 tamen
1863 999 1893 1044 8

119 1075 345 1122 omnibus
378 1090 582 1136 semper,
624 1091 748 1136 quae
786 1076 1136 1135 invenerimus,
1178 1075 1481 1137 argumentis
1523 1074 1800 1122 onerandus

116 1151 190 1196 est
227 1148 388 1208 iudex,
440 1149 559 1211 quia
599 1153 647 1196 et
686 1149 907 1196 taedium
955 1149 1185 1196 adferunt
1233 1151 1283 1196 et
1327 1148 1475 1196 fidem
1521 1148 1802 1196 detrahunt.

47 1239 91 1271 15
115 1239 274 1285 neque
315 1224 445 1270 enim
484 1226 650 1284 potest
698 1223 845 1270 iudex
894 1223 1087 1270 credere
1135 1224 1256 1270 satis
1309 1238 1409 1270 esse
1460 1239 1516 1270 ea
1563 1224 1803 1283 potentia,

118 1313 242 1358 quae
283 1313 381 1345 non
426 1305 658 1357 putamus
706 1299 804 1358 ipsi
858 1297 1081 1344 sufficere
1137 1297 1222 1359 qui
1271 1297 1496 1345 diximus.
1551 1299 1604 1343 in
1658 1297 1802 1344 rebus

114 1387 230 1419 vero
273 1373 456 1432 apertis
499 1372 833 1434 argumentari
857 1374 962 1418 tam
994 1373 1058 1419 sit
1083 1372 1294 1419 stultum
1327 1388 1475 1433 quam
1506 1371 1559 1418 in
1592 1371 1803 1419 clarissi-

114 1461 252 1492 mum
293 1446 444 1494 solem
483 1446 692 1493 mortale
733 1446 899 1492 lumen
938 1446 1132 1493 inferre.

225 1519 317 1567 His
358 1519 562 1580 quidam
598 1519 916 1580 probationes
957 1520 1193 1580 adiciunt,
1234 1535 1355 1581 quas
1397 1518 1677 1581 παθητικάς
1719 1534 1800 1566 vo·
1863 1519 1895 1562 9

46 1609 90 1640 20
116 1596 243 1654 cant,
285 1594 456 1641 ductas
505 1610 561 1640 ex
601 1594 890 1642 adfectibus.
941 1597 1089 1655 atque
1128 1595 1423 1642 Aristoteles
1473 1594 1672 1655 quidem
1717 1609 1805 1654 po-

114 1669 446 1716 tentissimum
485 1670 630 1729 putat
672 1684 730 1714 ex
769 1684 838 1730 eo,
882 1670 967 1729 qui
1005 1668 1138 1729 dicit,
1181 1670 1223 1715 si
1255 1669 1321 1715 sit
1345 1669 1422 1715 vir
1452 1668 1632 1716 bonus:
1673 1667 1804 1728 quod

114 1744 172 1789 ut
211 1742 453 1802 optimum
493 1745 588 1802 est,
638 1744 711 1789 ita
749 1743 895 1804 longe
937 1742 1159 1803 quidem,
1215 1743 1300 1789 sed
1347 1744 1568 1804 sequitur
1621 1745 1804 1802 tamen,

117 1812 327 1863 ‘videri⁷.
367 1816 480 1862 inde
521 1817 650 1863 enim
688 1817 778 1863 illa
810 1816 990 1863 nobilis
1025 1816 1198 1864 Scauri
1231 1816 1471 1864 defensio:
1515 1813 1587 1871 Ὦ.
1622 1816 1804 1863 Varius
1831 1817 1895 1860 10

117 1889 436 1937 Sucronensis
477 1892 548 1937 ait
585 1890 852 1938 Aemilium
897 1890 1135 1938 Scaurum
1181 1908 1284 1938 rem
1335 1890 1587 1952 publicam
1634 1890 1805 1953 populi

0 1994 1 2010 1
46 1979 89 2010 25
114 1964 327 2011 Romani
377 1964 671 2026 prodidisse:
724 1965 966 2012 Aemilius
1016 1965 1228 2013 Scaurus
1269 1961 1452 2028 negat’.
1510 1966 1591 2012 cui
1645 1964 1806 2012 simile

116 2038 352 2099 quiddam
376 2039 547 2087 fecisse
579 2039 850 2100 Iphicrates
884 2040 1080 2099 dicitur,
1122 2041 1208 2100 qui
1240 2055 1351 2087 cum
1381 2039 1806 2100 Aristophontem,

115 2128 212 2173 quo
253 2115 514 2160 accusante
554 2114 730 2161 similis
771 2114 989 2160 criminis
1028 2130 1139 2161 reus
1174 2118 1294 2173 erat,
1332 2115 1698 2176 interrogasset,
1743 2129 1807 2160 an

114 2187 157 2234 is
199 2189 402 2247 accepta
440 2189 654 2248 pecunia
692 2204 797 2234 rem
836 2188 1086 2249 publicam
1132 2188 1419 2249 proditurus
1468 2190 1616 2246 esset,
1662 2187 1803 2248 isque

115 2260 168 2307 id
191 2264 439 2325 negasset:
475 2258 626 2323 ‘quod
650 2257 840 2324 igitur’,
865 2263 1044 2324 inquit,
1072 2258 1147 2309 ‘tu
1170 2278 1268 2310 non
1293 2262 1504 2321 fecisses,
1537 2277 1627 2323 ego
1653 2256 1801 2308 feci?'
1832 2261 1890 2304 11

48 2349 93 2381 30
116 2335 407 2382 intuendum
448 2339 613 2383 autem
655 2339 703 2383 et
744 2337 828 2396 qui
876 2338 954 2396 sit,
1008 2336 1138 2398 apud
1180 2353 1328 2397 quem
1375 2336 1597 2392 dicimus,
1651 2338 1699 2382 et
1737 2335 1802 2397 id,

118 2409 249 2470 quod
302 2410 380 2456 illi
425 2411 636 2457 maxime
675 2410 930 2472 probabile
985 2410 1225 2472 videatur,
1276 2410 1647 2471 requirendum:
1705 2425 1806 2470 qua

238 2555 293 2593 20
325 2550 459 2594 Rhet.
497 2556 534 2605 1,
571 2556 607 2604 2,
643 2557 670 2594 4

702 2579 757 2583 —
807 2557 861 2594 23
896 2551 944 2594 cf
971 2552 1136 2594 Ascon.
1170 2551 1219 2593 in
1253 2551 1407 2595 Scaur.
1441 2567 1471 2608 p
1505 2555 1559 2593 29
1585 2551 1706 2593 Bait.
1750 2577 1805 2582 —

118 2613 173 2651 26
205 2609 346 2653 Arist.
379 2610 514 2653 Rhet.
550 2616 590 2664 2,
624 2615 693 2664 23,
730 2616 752 2653 7

237 2748 261 2785 2
294 2745 464 2786 nocent
493 2752 606 2788 BP:
639 2747 804 2787 vacent
828 2753 865 2785 Α
888 2745 1048 2787 valent
1072 2753 1138 2786 Ta
1282 2750 1309 2788 4
1334 2746 1387 2787 ut
1411 2758 1481 2788 om
1505 2753 1543 2786 ,1
1658 2749 1682 2787 5
1716 2743 1804 2801 ira]

116 2802 220 2845 iura
251 2810 288 2844 A
321 2804 430 2859 (non
463 2806 506 2859 b)
631 2809 686 2847 14
719 2804 830 2858 quia
855 2812 946 2847 Pb:
981 2817 1122 2858 quam
1146 2812 1192 2847 B
1221 2818 1287 2847 om
1314 2812 1352 2846 A
1476 2808 1528 2846 21
1562 2803 1711 2846 bonus
1743 2811 1803 2846 A:

118 2862 322 2917 optimus
354 2869 444 2904 BP
562 2867 617 2905 28
650 2862 790 2917 idque
815 2876 921 2917 neg.
953 2876 1053 2907 corr
1085 2865 1135 2906 in
1167 2864 1300 2917 isque
1331 2876 1435 2919 neg.
1470 2871 1508 2904 A
