1991 3120
172 66 234 108 VI
639 65 1012 117 QVINTILIANI
1040 67 1106 109 IN
1109 67 1190 110 ST.
1225 67 1316 111 ΟΕ.

170 207 337 251 tamen
375 204 425 250 id
465 220 588 250 unus
614 221 702 266 ego
744 205 993 252 absolvere
1034 207 1119 252 aut
1141 206 1284 265 potui
1310 209 1396 253 aut
1419 201 1575 272 volui)
1603 209 1838 269 quoniam

168 278 409 338 peculiari
458 278 624 324 libello
677 293 819 340 agere
878 279 1093 324 animum
1151 279 1341 338 induxi,
1391 280 1486 327 nisi
1544 283 1839 342 gravissima

170 351 411 411 quaedam
465 367 592 397 nunc
647 366 743 397 non
798 350 1055 411 proferam.
1114 351 1288 400 Tribus
1342 352 1494 414 igitur
1542 354 1604 400 ad
1649 357 1839 401 textum

171 424 566 470 constituendum
597 439 711 470 usus
745 439 851 470 sum
882 424 1118 470 librorum
1151 425 1421 485 generibus,
1463 441 1667 487 quorum
1690 427 1839 488 primi

170 496 438 558 principem
494 512 594 543 esse
649 499 841 543 constat
894 496 1344 545 Ambrosianum
1398 499 1438 544 E
1498 500 1598 546 153
1655 500 1840 547 saeculi

171 570 239 616 XI
279 563 399 634 (A).
443 569 588 616 Cuius
627 570 857 616 lectiones
900 586 994 630 quo
1033 573 1213 617 rectius
1251 571 1545 631 iudicentur,
1594 573 1839 619 interdum

171 643 482 690 confirmatae
523 646 635 690 sunt
675 643 900 703 adposita
940 659 997 690 ea
1036 646 1300 705 scriptura,
1354 660 1450 705 qua
1497 645 1645 692 codex
1693 646 1839 692 Bam-

168 716 416 779 bergensis
464 719 706 763 correctus
755 710 836 781 (b)
886 719 933 763 et
978 717 1030 762 in
1068 717 1256 764 lacunis
1305 719 1559 779 supplet-us
1608 721 1681 765 est
1721 712 1838 784 (G).

281 788 530 837 Secundae
583 790 749 836 classis
803 790 1024 836 codicum
1076 791 1362 838 mutilorum
1403 791 1701 853 archetypon
1735 785 1839 857 (B)

170 863 404 909 constitui
442 879 498 908 ex
537 863 675 909 libris
717 862 875 909 adhuc
914 864 1120 910 conlatis

279 935 568 982 Bernensi
607 930 762 1001 (Βῆ)
802 953 933 983 1111111.
976 938 1077 983 351
1121 938 1302 984 saeculi
1341 938 1384 983 X

279 1009 702 1071 Bambergensi
743 1003 888 1074 (By)
927 1010 991 1056 M.
1035 1012 1081 1069 4,
1124 1012 1190 1056 14
1232 1012 1413 1058 saeculi
1452 1012 1495 1058 X

279 1083 554 1130 Parisino
595 1083 1090 1130 Nostradamensi
1131 1077 1242 1149 (N)
1296 1101 1331 1131 s.
1372 1086 1414 1130 X
1464 1085 1544 1131 vel
1593 1084 1663 1131 XI
1712 1085 1839 1132 Bibl.

389 1157 503 1202 Nat.
544 1156 704 1203 Fonds
744 1156 882 1203 latin.
928 1158 991 1203 18
1006 1151 1189 1222 527*).

171 1230 325 1277 Tertii
379 1231 568 1291 generis
616 1230 766 1276 libros
811 1231 1068 1291 plerosque
1119 1233 1335 1278 recentes
1381 1233 1540 1293 magis
1596 1247 1697 1279 esse
1751 1232 1839 1278 mi-

169 1319 320 1351 nusve
361 1305 716 1350 contaminatos
756 1307 885 1350 recte
924 1319 1030 1350 meo
1062 1304 1242 1351 iudicio
1268 1304 1501 1352 Peterson
1527 1305 1703 1351 docuit.
1747 1304 1840 1352 Sed

168 1377 218 1423 in
258 1377 332 1424 his
373 1379 565 1423 exstant
604 1377 804 1437 quidam
843 1377 976 1424 vitiis
1016 1377 1349 1425 communibus
1391 1381 1537 1438 atque
1576 1378 1840 1425 virtutibus

168 1452 367 1511 proprio
408 1450 551 1496 modo
599 1450 670 1496 ita
709 1450 943 1508 distincti,
989 1453 1045 1496 ut
1091 1467 1147 1497 ex
1192 1466 1291 1497 una
1345 1452 1494 1512 stirpe
1549 1454 1690 1498 natos
1738 1467 1840 1499 esse

170 1539 335 1571 omnes
395 1527 652 1584 appareat:
731 1539 825 1584 quo
893 1540 916 1570 e
981 1539 1182 1571 numero
1252 1524 1531 1571 Fiervillius
1612 1524 1841 1585 producit

169 1598 281 1644 hos:
321 1597 572 1643 Parisinos
616 1598 770 1656 7723,
815 1599 969 1655 7725,
1015 1598 1169 1655 7726,
1212 1596 1840 1658 Gothanum,Vossianum,

170 1671 565 1731 Neapolitanum,
595 1671 999 1718 Escurialensem.
1026 1671 1166 1717 Addo
1192 1670 1458 1718 Vaticanos
1483 1671 1663 1718 latinos
1685 1673 1841 1731 1765,

173 1745 327 1805 1766,
365 1744 517 1790 1767.
558 1743 780 1803 Denique
814 1761 939 1803 eum,
965 1745 1047 1805 qui
1074 1745 1386 1792 Turicensem
1411 1746 1633 1804 correxit,
1674 1745 1841 1806 aliquo

169 1818 313 1863 huius
338 1817 624 1879 propaginis
649 1817 773 1864 libro
799 1833 943 1864 usum
968 1833 1069 1865 esse
1095 1834 1150 1864 ex
1183 1819 1323 1864 varia
1356 1819 1457 1865 eius
1490 1818 1696 1864 lectione
1729 1834 1839 1865 con-

172 1891 326 1938 cludo.
403 1890 493 1938 His
535 1907 590 1936 ex
629 1890 874 1938 codicibus
914 1906 1025 1937 cum
1065 1891 1344 1938 adcuratius
1385 1891 1673 1951 inspexisset
1704 1891 1840 1938 Pari-

171 1966 330 2011 Sinum
382 1965 541 2022 7723,
589 1964 673 2025 qui
720 1965 836 2011 olim
886 1965 982 2010 fuit
1028 1964 1280 2011 Laurentii
1326 1964 1516 2023 Vanae,
1568 1958 1672 2029 (Ρ)
1721 1967 1842 2025 quot

170 2038 290 2084 locis
353 2037 659 2084 emendatam
722 2037 968 2084 exhiberet
1044 2038 1356 2099 scripturam,
1436 2038 1680 2086 Becherus
1742 2040 1840 2085 sta-

170 2113 261 2157 tim
316 2112 557 2173 cognovit,
608 2127 702 2171 qua
743 2111 800 2158 de
839 2128 890 2157 re
938 2113 1134 2172 scripsit
1183 2114 1547 2174 programmate
1595 2111 1840 2174 gymnasii

172 2184 505 2231 Aurichiensis
547 2200 587 2230 a.
633 2186 785 2231 1891.

281 2258 467 2304 Multae
509 2258 636 2303 enim
676 2261 723 2304 et
762 2258 943 2318 probae
981 2257 1228 2317 lectiones,
1269 2274 1392 2318 quae
1435 2261 1520 2305 aut
1558 2258 1711 2320 Regio
1753 2260 1840 2304 aut

173 2331 466 2378 editionibus
507 2331 712 2378 vetustis
750 2331 1105 2390 tribuebantur,
1161 2333 1353 2378 exstant
1390 2334 1441 2378 in
1480 2331 1570 2378 hoc
1609 2331 1734 2378 libro
1776 2331 1839 2378 ei-

172 2421 265 2465 que
306 2399 459 2468 (quod
505 2404 604 2450 iam
649 2404 765 2451 licet
812 2398 1011 2470 addere)
1061 2405 1379 2452 consortibus.
1466 2405 1561 2452 Sed
1608 2405 1840 2465 quoniam

171 2478 319 2524 iidem
361 2480 659 2525 correcturas
698 2478 881 2538 partim
920 2479 1120 2525 frivolas
1161 2480 1210 2525 et
1247 2479 1678 2539 interpolationem
1708 2477 1840 2524 haud

172 2567 282 2598 raro
324 2551 559 2597 audacem
600 2551 876 2611 ostendunt,
917 2567 1014 2612 qua
1055 2552 1111 2597 de
1145 2568 1196 2598 re
1222 2552 1438 2599 dubitari
1463 2551 1658 2598 omnino
1683 2566 1838 2611 neque

290 2736 330 2790 ³²)
364 2734 682 2778 conlationem
731 2735 908 2790 publici
940 2736 1053 2778 iuris
1093 2735 1302 2778 fecerunt
1333 2724 1480 2778 Emfle
1520 2734 1761 2778 Chatelain
1793 2737 1841 2778 et,

172 2793 297 2836 Jules
337 2793 379 2835 le
413 2793 609 2845 Coultre,
652 2793 978 2848 Bibliotheque
1026 2795 1081 2837 de
1127 2794 1290 2838 l‘ecole
1336 2795 1416 2838 des
1459 2794 1620 2836 hautes
1665 2793 1840 2846 etudes,

172 2853 422 2908 vingtieme
455 2852 673 2895 fascicule
705 2853 833 2894 Paris
869 2857 994 2895 1875.
