2012 3151
205 77 314 129 334
442 140 445 142 ,
726 77 1099 130 varmmm
1127 76 1276 120 ms'r.
1311 77 1403 121 oa.

206 217 398 264 sulsius.
456 231 754 278 quamquam
795 218 958 263 autem
1007 217 1196 278 gratiae
1235 216 1502 276 plurimum
1551 216 1757 264 dicentis
1805 232 1875 265 se-

205 291 389 337 veritas
430 289 602 348 adfert,
651 288 804 350 fitque
843 289 1105 335 ridiculum
1142 289 1194 336 id
1232 291 1409 350 ipsum,
1465 290 1593 350 quod
1633 290 1716 350 qui
1756 289 1878 337 dicit

203 363 307 424 illa,
346 378 444 409 non
481 362 623 421 ridet,
675 365 748 409 est
783 365 948 409 tamen
986 362 1185 409 interim
1224 366 1272 409 et
1323 365 1546 423 aspectus
1590 365 1639 409 et
1679 362 1876 410 habitus

117 437 178 482 27
208 437 305 483 oris
324 439 371 482 et
387 438 555 498 gestus
571 450 668 481 non
684 435 967 495 inurbanus,
986 450 1092 482 cum
1110 436 1171 483 iis
1192 435 1363 482 modus
1381 437 1637 497 contingit.
1650 435 1700 482 id
1716 451 1877 497 porro,

209 509 338 570 quod
355 509 548 568 dicitur,
567 513 653 555 aut
678 510 752 556 est
774 509 1013 556 lascivum
1038 513 1085 555 et
1108 509 1279 568 hilare,
1305 509 1471 569 qualia
1496 507 1693 556 Gabbae
1718 509 1877 569 plera-
1925 527 1946 560 5

209 599 315 642 que,
335 584 421 628 aut
438 582 857 640 contumeliosum,
876 582 1043 643 qualia
1060 598 1214 642 nuper
1229 582 1343 628 Iuni
1359 582 1514 640 Bassi,
1533 585 1620 628 aut
1637 597 1878 643 asperum,

121 656 182 700 28
209 655 375 716 qualia
403 653 538 702 Cassi
560 653 740 714 Severi,
775 658 863 701 aut
891 655 1015 713 lene,
1048 656 1213 715 qualia
1244 655 1434 702 Domiti
1465 655 1588 701 Afri.
1622 656 1786 715 refert,
1801 655 1878 703 his

208 728 292 775 ubi
318 729 426 789 quis
465 731 647 774 utatur.
688 744 802 775 nam
840 729 892 774 in
918 728 1224 775 convictibus
1264 732 1313 775 et
1352 728 1620 776 cottidiano
1660 744 1879 776 sermone

208 803 395 848 lasciva
455 801 745 861 humilibus,
814 802 994 848 hilaria
1056 801 1279 848 omnibus
1335 803 1636 849 convenient.
1686 802 1878 849 laedere

209 890 479 935 numquam
504 876 728 934 velimus,
766 875 1007 937 longeque
1040 876 1167 922 absit
1198 875 1319 921 illud
1353 877 1675 936 propositum,
1713 876 1878 936 potius
1904 895 1948 926 10

210 949 418 995 amicum
469 963 617 1009 quam
672 949 855 995 dictum
910 948 1156 1008 perdendi.
1210 950 1261 994 in
1315 949 1406 995 hac
1461 949 1661 1010 quidem
1713 963 1880 1011 pugna

209 1022 391 1068 forensi
438 1022 609 1068 malim
666 1022 791 1068 mihi
836 1021 1025 1068 lenibus
1072 1024 1150 1068 uti
1198 1023 1356 1068 licere.
1409 1037 1780 1083 nonnumquam
1831 1024 1880 1069 et

210 1095 555 1142 contumeliose
605 1098 653 1142 et
718 1111 886 1156 aspere
937 1095 1094 1142 dicere
1141 1097 1189 1141 in
1239 1095 1542 1142 adversarios
1588 1097 1880 1156 permissum

211 1171 297 1227 est,
346 1184 457 1215 cum
497 1183 722 1216 accusare
772 1170 920 1215 etiam
960 1169 1124 1230 palam
1172 1171 1221 1215 et
1267 1172 1415 1229 caput
1460 1169 1662 1215 alterius
1703 1163 1876 1232 [iuste]

210 1245 374 1303 petere
429 1257 708 1289 concessum
757 1244 835 1289 sit.
891 1242 974 1289 sed
1016 1243 1095 1288 hic
1151 1258 1346 1303 quoque
1391 1246 1555 1288 tamen
1611 1242 1881 1289 inhumana
1904 1259 1947 1292 15
1994 1255 1999 1307 j

210 1315 368 1362 videri
408 1315 533 1362 solet
571 1316 799 1363 fortunae
838 1316 1114 1375 insectatio,
1153 1315 1231 1362 vel
1273 1315 1401 1376 quod
1441 1316 1585 1377 culpa
1623 1318 1756 1362 caret
1800 1315 1881 1362 vel

213 1389 340 1450 quod
380 1389 593 1435 recidere
634 1390 784 1436 etiam
822 1390 875 1435 in
912 1388 1060 1450 ipsos,
1099 1389 1182 1449 qui
1223 1389 1518 1448 obiecerunt,
1557 1392 1733 1449 potest.
1780 1390 1881 1450 pri-

212 1479 345 1509 mum
385 1463 552 1522 itaque
593 1462 1001 1509 considerandum
1042 1467 1128 1520 est,
1177 1465 1225 1509 et
1265 1464 1374 1523 quis
1415 1466 1464 1510 et
1508 1465 1559 1509 in
1600 1477 1696 1523 qua
1736 1477 1881 1510 causa

124 1537 186 1579 29
213 1539 261 1583 et
300 1536 432 1597 apud
474 1552 616 1596 quem
657 1539 703 1582 et
742 1537 795 1582 in
834 1552 978 1596 quem
1019 1539 1065 1582 et
1106 1536 1223 1597 quid
1265 1536 1409 1583 dicat.
1458 1537 1643 1582 oratori
1681 1537 1881 1583 minime

213 1610 441 1657 convenit
480 1610 715 1657 distortus
755 1610 920 1656 vultus
961 1611 1237 1671 gestusque,
1278 1626 1401 1670 quae
1441 1611 1490 1655 in
1532 1609 1693 1656 mimis
1732 1610 1883 1656 rideri
1906 1628 1950 1660 20

213 1683 383 1730 solent.
426 1683 658 1730 dicacitas
700 1684 848 1729 etiam
889 1683 1103 1729 scurrilis
1145 1686 1192 1729 et
1231 1683 1450 1730 scaenica
1496 1683 1609 1730 111110
1646 1698 1882 1744 personae

215 1757 515 1804 alienissima
541 1760 637 1803 est:
665 1756 969 1803 obscaenitas
994 1773 1108 1803 vero
1134 1773 1232 1803 non
1258 1772 1285 1802 a
1303 1757 1462 1804 verbis
1488 1759 1681 1803 tantum
1714 1756 1882 1804 abesse

214 1830 370 1888 debet,
423 1829 506 1877 sed
554 1830 701 1876 etiam
749 1845 778 1876 a
818 1830 1186 1892 significatione.
1242 1846 1353 1876 nam
1409 1832 1452 1878 si
1505 1830 1699 1892 quando
1755 1829 1882 1878 obici

125 1904 190 1947 30
213 1906 389 1964 potest,
429 1905 600 1950 nonin
633 1904 738 1950 1000
773 1904 1107 1963 exprobranda
1140 1907 1224 1951 est.
1266 1907 1507 1951 oratorem
1539 1906 1795 1964 praeterea
1823 1905 1884 1950 ut

215 1978 370 2024 dicere
409 1976 592 2023 urbane
641 1977 774 2036 volo,
828 1978 898 2023 ita
944 1977 1099 2023 videri
1155 1977 1401 2024 adfectare
1449 1977 1502 2023 id
1555 1977 1699 2039 plane
1753 1977 1882 2024 nolo.
1909 1994 1951 2026 25

216 2053 516 2112 quapropter
570 2067 628 2097 ne
685 2051 813 2097 dicet
866 2051 1060 2110 quidem
1111 2051 1250 2110 salse,
1306 2052 1529 2111 quotiens
1583 2053 1780 2112 poterit,
1837 2052 1887 2098 et

215 2124 398 2171 dictum
424 2126 589 2185 potius
624 2123 888 2185 aliquando
921 2125 1091 2185 perdet
1124 2140 1271 2185 quam
1301 2127 1492 2171 minuet
1524 2125 1885 2172 auctoritatem.

127 2197 187 2242 31
215 2213 301 2244 nec
342 2200 670 2245 accusatorem
711 2200 874 2244 autem
916 2199 1069 2244 atroci
1108 2200 1158 2244 in
1199 2213 1345 2245 causa
1392 2213 1479 2246 nec
1525 2201 1789 2258 patronum
1832 2199 1887 2244 in

215 2271 480 2318 miserabili
530 2273 773 2318 iocantem
828 2272 951 2318 feret
1002 2273 1275 2332 quisquam.
1331 2275 1444 2319 sunt
1499 2273 1649 2319 etiam
1701 2271 1885 2319 iudices

127 2344 188 2388 32
216 2344 415 2406 quidam
454 2345 696 2391 tristiores
739 2360 886 2405 quam
924 2347 980 2391 ut
1018 2346 1170 2392 risum
1209 2345 1417 2391 libenter
1454 2345 1721 2406 patiantur.
1762 2345 1888 2392 solet
1911 2362 1954 2394 30

216 2418 414 2464 interim
456 2417 671 2464 accidere
712 2420 769 2464 ut
807 2417 871 2476 id,
914 2418 1045 2478 quod
1084 2420 1135 2465 in
1175 2418 1509 2465 adversarium
1541 2418 1761 2478 dicimus,
1802 2419 1889 2466 aut

217 2494 267 2538 in
307 2492 516 2538 iudicem
557 2491 817 2538 conveniat
856 2495 941 2537 aut
979 2492 1030 2537 in
1077 2494 1297 2539 nostrum
1339 2508 1530 2553 quoque
1568 2493 1887 2554 litigatorem,

335 2637 359 2673 5
394 2630 584 2674 Gabbae
617 2631 881 2674 Buecheler:
913 2631 1050 2687 galbe
1076 2639 1157 2673 Pl·
1176 2631 1373 2688 agalbae
1397 2639 1525 2674 ΑΜΕ
1646 2635 1670 2673 9
1702 2631 1887 2674 laedere

216 2691 397 2734 Rollin:
428 2689 586 2732 ludere
709 2695 759 2731 11
794 2690 1018 2744 perdendi
1053 2692 1286 2734 Illumetu&
1324 2691 1507 2746 perdidi
1630 2695 1682 2732 12
1715 2689 1887 2733 forensi

218 2750 408 2806 Regius:
440 2748 691 2791 forensium
814 2754 868 2790 14
900 2750 971 2792 del
1001 2750 1224 2806 Spalcliny
1345 2750 1472 2807 16s17
1505 2749 1616 2803 quia
1648 2751 1715 2793 bis
1746 2757 1791 2791 P

220 2813 270 2851 17
304 2807 508 2850 recidere
541 2808 736 2864 Reyizcs:
779 2807 929 2850 redire
1110 2813 1164 2850 24
1196 2809 1245 2850 in
1276 2808 1378 2851 ioco
1410 2826 1462 2851 a:
1507 2808 1556 2850 in
1595 2807 1695 2850 loco
1734 2814 1893 2859 Aqvm

217 2866 342 2910 omni
372 2866 473 2909 loco
506 2873 550 2908 P
