2055 3130
768 44 821 88 V.
858 49 927 98 10,
962 48 1148 88 76—87.
1684 47 1794 97 265

112 191 160 233 et
203 182 309 248 ‘qui
347 187 550 233 honeste
591 187 796 243 faciunt,
835 184 968 245 boni,
1009 185 1095 246 qui
1136 185 1363 245 turpiter,
1413 185 1536 231 mali
1573 184 1795 232 iudican-

109 255 233 307 tur':
287 262 432 306 recte.
487 255 561 323 at]
613 256 918 306 ‘exercit-atio
973 259 1261 319 plerumque
1315 257 1572 305 robustum
1620 274 1796 319 corpus

110 335 247 393 facit,
287 333 372 381 sed
410 350 508 380 non
550 334 772 394 quisquis
806 334 879 380 est
909 332 1155 392 robustus,
1196 333 1504 391 exercitatus,
1543 347 1631 378 nec
1664 333 1795 393 quis·

110 409 219 469 quis
253 409 561 466 exercitatus,
592 406 821 454 robustus
855 402 969 453 est':
1008 421 1110 464 nec,
1153 407 1269 466 quia
1301 405 1542 452 fortitudo
1575 408 1798 466 praestat

66 498 85 529 5
112 497 171 527 ne
211 483 422 528 mortem
461 483 736 540 timeamus,
778 480 1000 541 quisquis
1039 482 1249 526 mortem
1289 496 1387 526 non
1426 481 1671 538 timuerit,
1719 481 1798 526 Vir

109 556 252 602 fortis
306 556 400 602 erit
455 554 828 602 existimandus:
891 570 1000 613 nec,
1057 555 1100 600 si
1150 553 1328 615 capitis
1380 554 1599 600 dolorem
1660 554 1797 613 facit,

107 629 301 676 inutilis
341 629 622 676 hominibus
662 628 735 675 sol
775 631 861 675 est.
912 628 1032 674 haec
1073 627 1137 674 ad
1175 627 1537 674 exhortativum
1585 629 1797 674 maxime
1823 626 1891 670 83

110 717 264 765 genus
305 704 575 764 pertinent:
617 698 794 749 ‘virtus
836 703 958 748 facit
989 702 1200 761 laudem,
1241 702 1490 762 sequenda
1528 703 1704 765 igitur:
1745 705 1798 748 at

109 777 339 838 voluptas
386 778 660 836 infamiam,
711 776 948 839 fugienda
998 771 1186 839 igitur'.
1237 777 1367 822 recte
1424 778 1589 823 autem
1632 792 1796 823 mone-

43 868 86 898 10
110 867 235 910 mur,
288 865 457 898 causas
509 866 605 897 non
653 852 825 911 utique
878 850 937 896 ab
989 851 1166 897 ultimo
1220 865 1322 897 esse
1371 850 1690 911 repetendas,
1741 853 1798 896 ut

109 924 302 971 Medea:

527 994 738 1045 ‘utinam
778 1014 837 1044 ne
877 999 929 1044 in
968 1014 1166 1045 nemore
1206 995 1378 1058 Peho',
1824 995 1894 1040 84

110 1074 254 1133 quasi
304 1088 420 1119 vero
467 1073 519 1118 id
559 1089 667 1119 eam
706 1073 879 1119 fecerit
929 1073 1162 1119 miseram
1214 1076 1300 1119 aut
1339 1074 1612 1131 nocentem,
1667 1072 1798 1133 quod

107 1147 212 1193 illic
273 1146 504 1194 ceciderit
567 1147 775 1209 abiegna
839 1146 901 1193 ad
955 1149 1138 1193 terra-m
1201 1147 1387 1194 trabes:
1444 1149 1493 1194 et
1553 1147 1799 1194 Philocte-

43 1237 84 1268 15
110 1223 184 1267 fa.

111 1290 247 1341 ‘Pari
273 1294 488 1356 dyspari,
514 1296 556 1341 si
580 1296 725 1356 inpar
750 1310 876 1342 esses
900 1295 1007 1354 tibi,
1034 1311 1123 1357 ego
1149 1310 1279 1341 nunc
1303 1311 1402 1342 non
1427 1311 1583 1342 essem
1607 1291 1797 1342 miser':

111 1384 206 1429 quo
247 1369 392 1416 modo
431 1368 687 1430 pervenire
730 1369 954 1430 quolibet
992 1372 1122 1416 retro
1157 1385 1329 1417 causas
1355 1369 1632 1433 legentibus
1665 1369 1797 1416 licet.

107 1442 235 1489 illud
273 1443 349 1490 his
392 1443 584 1490 adicere
624 1443 888 1490 ridiculum
928 1446 1171 1504 putarem,
1221 1445 1321 1490 nisi
1369 1460 1423 1490 eo
1475 1443 1642 1490 Cicero
1691 1446 1796 1490 ute·
1825 1441 1892 1485 85

107 1518 259 1576 retur,
300 1517 430 1578 quod
471 1519 792 1580 coniugatum
830 1520 1024 1577 vocant,
1076 1521 1133 1564 ut
1175 1514 1297 1577 ‘eos,
1347 1520 1433 1579 qui
1471 1535 1576 1564 rem
1613 1519 1798 1564 iustam

42 1607 84 1638 6ο
108 1591 315 1650 faciunt,
369 1592 497 1638 iuste
548 1587 742 1651 facere’,
804 1591 936 1652 quod
988 1594 1116 1639 certe
1166 1608 1265 1639 non
1317 1595 1428 1655 eget
1481 1592 1797 1653 probatione:

110 1660 263 1726 ‘quod
304 1681 650 1726 compascuum
691 1669 783 1725 est,
833 1681 1140 1727 compascere
1180 1661 1360 1713 lic-ere’.
1415 1667 1616 1727 quida-m
1662 1667 1798 1725 haec,
1824 1663 1893 1707 86

111 1755 235 1800 quae
283 1740 363 1787 vel
411 1756 467 1786 ex
515 1742 674 1787 causis
726 1740 805 1786 vel
858 1756 915 1787 ex
970 1740 1295 1788 efficientibus
1352 1740 1579 1802 diximus,
1635 1741 1797 1787 alieno

109 1815 306 1860 nomine
345 1816 527 1861 vocant
566 1812 798 1876 ἐκβάσεις,
839 1813 889 1860 id
930 1817 1005 1861 est
1044 1816 1224 1875 exitus3
1264 1831 1381 1861 nam
1420 1830 1509 1862 nec
1547 1816 1627 1862 hic
1662 1815 1798 1862 aliud

107 1889 368 1948 tractatur,
410 1904 558 1948 quam
599 1887 718 1950 quid
757 1905 813 1935 ex
855 1904 1048 1949 quoque
1089 1891 1297 1936 eveniat.

42 1978 83 2008 25
220 1960 465 2023 Adposita
512 1963 592 2009 vel
644 1964 983 2024 comparativa
1032 1963 1277 2024 dicuntur,
1330 1980 1455 2024 quae
1501 1964 1694 2011 minora
1742 1979 1799 2010 ex
1825 1960 1888 2004 87

109 2036 395 2096 maioribus,
436 2037 625 2084 maiora
658 2052 715 2083 ex
745 2037 1033 2096 minoribus,
1072 2039 1215 2098 paria
1248 2054 1305 2085 ex
1335 2038 1538 2099 paribus
1569 2038 1797 2099 probant.

111 2109 431 2157 confirmatur
482 2112 762 2158 coniectura
820 2128 875 2157 ex
926 2113 1134 2159 maiore:
1198 2107 1260 2159 csi
1321 2114 1430 2173 quis
1483 2113 1798 2175 sacrilegium

111 2345 136 2383 3
230 2287 283 2325 11
316 2281 438 2324 Enni
462 2296 581 2325 scen.
610 2287 694 2324 246
711 2282 765 2324 V.
801 2309 856 2314 —
891 2287 946 2325 14
976 2282 1090 2326 Acci
1116 2285 1236 2339 trag,
1263 2299 1290 2324 v
1315 2287 1399 2326 560
1423 2284 1477 2326 R.
1511 2310 1568 2315 —-
1603 2289 1656 2326 17
1684 2284 1799 2340 Top.

141 2376 151 2393 ‚
187 2346 239 2383 12

232 2510 254 2547 1
287 2504 402 2547 mali
432 2508 556 2548 recte
596 2504 865 2549 iudicant-ur
895 2514 981 2548 ΑΡ
1019 2509 1143 2549 recte
1187 2507 1434 2562 adscripsit
1476 2508 1609 2550 lector

112 2569 139 2605 4
172 2569 240 2606 est
267 2578 336 2607 om
360 2573 397 2606 A
521 2569 544 2606 7
571 2567 653 2608 est.
679 2565 795 2608 haec
818 2573 877 2608 A:
905 2568 951 2608 et
974 2566 1091 2609 haec
1114 2567 1222 2608 ΒΡ1
1251 2568 1255 2621 Ι
1284 2566 1571 2608 hortativum
1595 2574 1684 2609 BP

114 2627 169 2665 10
201 2624 481 2679 repetendas
513 2632 574 2667 P:
608 2624 877 2667 retinendas
910 2633 995 2667 AB
1146 2630 1199 2668 14
1241 2625 1461 2668 ceciderit
1501 2625 1702 2682 abiegna
1735 2635 1798 2669 P:

112 2682 367 2725 ceciderint
400 2684 627 2740 abiegnae
658 2691 743 2726 AB
864 2689 917 2727 16
950 2684 1128 2739 paridis
1160 2685 1297 2740 inpar
1319 2693 1357 2726 Α
1388 2685 1544 2740 paridi
1576 2686 1615 2728 si
1646 2699 1733 2741 par
1756 2693 1805 2728 B

110 2742 267 2797 paridi
292 2741 332 2784 61
356 2742 632 2797 imperasses
659 2745 745 2799 (om
771 2745 908 2799 esses)
935 2758 990 2787 ex
1015 2758 1116 2788 corr
1149 2745 1306 2788 Vallae
1330 2744 1488 2799 Ppari
1514 2744 1675 2800 dispar
1695 2752 1796 2794 QR:

110 2815 211 2845 corr
241 2802 551 2845 Schneidewin
585 2803 773 2846 Meister
954 2807 1007 2845 23
1041 2816 1126 2846 nec
1158 2818 1228 2847 om
1259 2812 1326 2845 Ab
1509 2808 1562 2846 26
1595 2804 1802 2859 proba-nt

110 2875 180 2904 om
212 2868 257 2904 B
