2055 3130
254 71 358 121 178
488 87 492 91 ’
744 68 1119 122 QVINTILIANI
1147 68 1296 118 INST.
1331 69 1422 112 ΟΒ.

252 212 384 256 certa
421 209 528 270 lege
568 209 785 266 sortitur,
823 207 1100 268 principum
1139 211 1303 254 autem
1336 211 1383 254 et
1407 210 1603 255 senatus
1627 210 1918 270 cognitioni-

251 281 341 346 bus
380 282 607 342 frequens
649 285 722 328 est
767 284 816 328 et
861 281 1033 341 populi
1077 281 1186 326 fuit.
1248 281 1445 341 privata
1497 296 1690 342 quoque
1736 281 1920 328 iudicia

254 370 398 414 saepe
437 371 589 400 unum
626 354 835 401 iudicem
882 354 1058 400 habere
1108 354 1276 400 multis
1333 357 1380 401 et
1433 354 1638 401 diversis
1692 354 1918 401 formulis

198 429 228 472 2
253 429 423 475 solent.
485 442 573 474 nec
623 428 750 474 aliae
803 429 986 486 species
1042 430 1196 485 erunt,
1243 429 1437 474 etiamsi
1484 442 1609 474 unus
1657 443 1686 474 a
1732 427 1918 474 duobus

254 502 510 547 dumtaxat
549 500 752 548 eandem
789 516 891 546 rem
931 503 1077 560 atque
1129 516 1184 546 ex
1232 500 1399 546 eadem
1439 515 1588 547 causa
1636 503 1786 561 petet,
1836 502 1923 547 aut
1952 518 1988 549 -5

254 575 350 621 duo
393 573 452 620 ab
484 589 597 632 uno,
637 577 721 620 aut
752 573 916 633 plures
949 588 978 619 a
1008 573 1252 633 pluribus:
1293 573 1423 634 quod
1455 573 1671 619 accidere
1702 575 1755 619 in
1786 573 1919 620 here-

255 648 449 694 ditariis
488 647 659 693 litibus
705 647 901 692 interim
948 648 1149 705 scimus,
1196 649 1328 706 quja,
1384 648 1608 706 quamvis
1661 648 1712 692 in
1752 647 1922 693 multis

254 722 490 782 personis,
522 735 668 767 causa
700 723 865 766 tamen
895 735 993 765 una
1025 723 1112 778 est,
1151 720 1247 767 nisi
1279 721 1321 766 si
1353 720 1571 766 condicio
1603 735 1923 780 personarum

259 795 567 855 quaestiones
606 795 887 839 variaverit.

200 868 230 912 3
364 867 626 913 Diversum
663 866 738 913 his
777 868 980 912 tertium
1019 881 1185 929 genus,
1236 867 1365 926 quod
1411 866 1591 913 dicitur
1639 881 1922 925 conpara·
1949 883 1992 914 1ο

254 942 455 987 tivum.
507 942 643 986 cuius
682 942 755 986 rei
791 942 1032 986 tractatus
1070 942 1120 985 in
1161 943 1299 999 parte
1340 955 1513 987 causae
1564 941 1792 1000 frequens
1837 942 1924 997 est,

256 1017 312 1060 ut
351 1029 462 1060 cum
502 1014 631 1074 apud
672 1015 996 1060 centumviros
1034 1015 1148 1074 post
1187 1014 1285 1059 alia
1318 1015 1570 1073 quaeritur
1594 1017 1642 1059 et
1673 1013 1779 1070 hoc,
1817 1016 1926 1058 uter

258 1087 451 1149 dignior
489 1087 758 1133 hereditate
798 1088 874 1133 sit.
914 1102 1080 1132 rarum
1113 1090 1185 1133 est
1219 1090 1394 1145 autem,
1433 1090 1492 1133 ut
1522 1088 1573 1132 in
1606 1087 1711 1133 foro
1742 1086 1926 1132 iudicia

256 1164 457 1221 propter
479 1160 530 1206 id
563 1161 722 1206 solum
754 1162 1132 1217 constituantur,
1172 1161 1298 1207 sicut
1330 1160 1761 1218 divinationes,
1802 1174 1924 1219 quae
2046 1211 2052 1217 ,

257 1233 381 1280 fiunt
428 1234 484 1280 de
537 1237 816 1281 accusatore
871 1232 1223 1291 constituendo,
1279 1236 1327 1280 et
1379 1248 1747 1294 nonnumquam
1798 1234 1928 1278 inter
1951 1248 1993 1286 15
2037 1238 2040 1242 '

203 1307 233 1351 4
259 1307 513 1366 delatores,
552 1311 662 1353 uter
698 1308 972 1367 praemium
1010 1308 1254 1353 meruerit.
1296 1306 1577 1352 adiecerunt
1608 1305 1807 1366 quidam
1839 1322 1927 1351 nu-

257 1396 390 1427 mero
446 1384 705 1426 mutuam
759 1382 1195 1427 accusationem
1252 1372 1648 1442 (ἀντικατηγορία
1700 1371 1927 1442 vocatur)

239 1455 371 1501 'aliis
411 1454 640 1500 videlicet
692 1453 946 1500 succedere
1001 1454 1125 1499 hanc
1165 1468 1358 1514 quoque
1397 1454 1716 1513 conparativo
1764 1451 1929 1515 generi

260 1527 666 1574 existimantibus.
717 1529 794 1573 cui
833 1527 1008 1573 similis
1050 1528 1142 1573 erit
1181 1528 1475 1587 petitionum
1512 1528 1723 1573 invicem
1770 1526 1927 1572 diver-

261 1616 445 1648 sarum:
501 1600 631 1661 quod
679 1600 857 1647 accidit
902 1600 979 1646 vel
1026 1601 1431 1660 frequentissime.
1485 1599 1535 1645 id
1583 1601 1625 1646 si
1671 1602 1718 1646 et
1768 1599 1930 1659 ipsum
1953 1616 1997 1648 20

260 1676 427 1722 vocari
465 1673 609 1720 debet
648 1671 1019 1737 ἀντικατηγορία
1074 1669 1212 1737 (nam
1258 1675 1456 1733 proprio
1508 1676 1641 1720 caret
1694 1666 1929 1737 nomine),

262 1748 356 1794 duo
397 1763 574 1810 genera
613 1750 757 1794 erunt
796 1749 919 1793 eius:
961 1748 1183 1805 alterum,
1225 1763 1319 1807 quo
1359 1747 1632 1808 litigatores
1671 1746 1800 1793 idem
1840 1748 1930 1792 cri·

259 1837 372 1868 men
410 1822 618 1867 invicem
658 1822 920 1877 intentant,
972 1822 1201 1879 alterum,
1256 1836 1351 1882 quo
1406 1820 1539 1867 aliud
1587 1822 1734 1880 atque
1782 1819 1929 1866 aliud.

263 1897 344 1942 cui
383 1898 432 1941 et
470 1896 764 1954 petitionum
805 1894 1023 1941 condicio
1061 1910 1152 1955 par
1191 1896 1278 1941 est.

209 1970 237 2012 5
375 1966 496 2014 Cum
536 1969 820 2028 apparuerit
859 1983 1010 2030 genus
1050 1983 1238 2025 causae,
1284 1970 1387 2014 tum
1429 1967 1740 2024 intuebimur,
1787 1983 1931 2027 nege·
1956 1982 1998 2014 25

263 2045 405 2087 turne
460 2042 661 2099 factum,
717 2041 846 2101 quod
899 2041 1192 2099 intenditur,
1248 2057 1309 2087 an
1364 2041 1664 2099 defendatur,
1719 2055 1782 2086 an
1834 2041 1932 2086 alio

265 2117 460 2162 nomine
502 2115 788 2175 appelletur,
841 2131 901 2162 an
942 2130 969 2160 a
1009 2130 1184 2176 genere
1224 2116 1429 2161 actionis
1468 2114 1754 2175 repellatur:
1806 2114 1932 2159 unde

265 2191 379 2235 sunt
419 2191 589 2235 status.

267 2313 428 2371 [QUID
456 2313 544 2357 SIT
571 2312 880 2364 QUAESTIO,
914 2312 1109 2365 RATIO,
1141 2311 1457 2365 IUDICATIO,
1492 2310 1832 2355 CONTINENS
1857 2311 1932 2353 ET

723 2386 1042 2438 QUATENUS
1073 2385 1477 2443 NECESSARIA]
1958 2392 2002 2424 30

209 2483 234 2526 1
380 2482 462 2528 XI.
532 2481 623 2528 His
684 2484 897 2528 inventis
957 2482 1249 2528 intuendum
1319 2482 1544 2542 deinceps
1603 2479 1935 2542 Hermagorae

267 2555 477 2615 videtur,
532 2555 648 2616 quid
704 2555 767 2602 sit
829 2558 1123 2615 quaestio,
1184 2557 1365 2613 ratio,
1426 2555 1741 2613 iudicatio,
1803 2569 1934 2600 con-

532 2664 617 2667 —
2053 2610 2055 2675 ⁴

389 2745 440 2782 17
475 2753 593 2794 quae
625 2738 985 2794 ἀντικατηγορία
1008 2742 1197 2782 vocat-ur
1220 2747 1308 2781 BP
1327 2741 1423 2794 cfp
1450 2743 1546 2791 icc,
1574 2744 1626 2782 15
1750 2742 1803 2780 18
1836 2751 1936 2780 suc·
2051 2683 2055 2789 Ι

270 2799 423 2841 cidere
454 2799 561 2840 31³¹
681 2803 735 2840 32
769 2799 1028 2856 continens]
1055 2799 1292 2841 continens
1305 2798 1355 2856 sss
1369 2797 1600 2852 synechon
1619 2805 1662 2839 P
1682 2797 1729 2840 et
1746 2809 1936 2853 συνεχον

269 2858 319 2900 id
351 2859 421 2900 est
452 2857 690 2900 continens
723 2857 780 2899 ΤΞ
811 2857 1049 2900 continens
1086 2865 1119 2906 ρ
