2055 3130
233 69 340 120 278
727 67 1101 120 QVINTILIANI
1129 67 1195 110 IN
1198 66 1279 110 ST.
1314 66 1407 110 OR.

232 223 380 269 quam
418 207 483 266 id,
523 222 618 267 (1110
651 206 953 268 probabilius
992 205 1047 252 fit
1086 205 1218 267 quod
1257 205 1578 253 intendimus:
1618 209 1687 265 ut,
1726 208 1768 254 si
1799 208 1902 254 ani-

231 297 365 327 mum
413 281 544 327 dicas
593 280 923 338 excolendum,
979 278 1299 325 similitudine
1347 279 1501 326 utaris
1547 282 1729 338 terrae,
1777 295 1901 341 quae

231 354 456 416 neglecta
496 355 654 400 sentes
696 367 751 399 ac
791 352 977 411 dumos,
1017 352 1149 398 culta
1189 353 1375 399 fructus
1416 355 1570 399 creat:
1620 356 1718 412 aut,
1759 355 1801 400 si
1841 353 1903 400 ad

232 442 402 473 curam
432 428 503 472 rei
533 425 760 487 publicae
791 426 1015 485 horteris,
1047 425 1290 483 ostendas,
1331 440 1444 485 apes
1478 428 1627 472 etiam
1653 426 1901 474 formicas-

233 516 340 561 que,
380 515 476 546 non
514 499 658 546 modo
699 501 852 557 muta,
892 499 974 545 sed
1015 500 1164 545 etiam
1202 514 1356 558 parva
1397 500 1644 559 animalia,
1683 500 1735 545 in
1774 514 1902 546 com·
1948 516 1967 548 5

144 572 206 617 25
231 588 376 619 11111110
429 575 595 619 tamen
647 572 884 619 laborare.
941 588 996 618 ex
1045 572 1137 618 hoc
1186 586 1360 634 genere
1415 571 1600 619 dictum
1649 572 1775 618 illud
1829 575 1902 619 est

235 645 500 693 Ciceronis:
542 641 616 691 ‘ut
656 660 862 705 corpora
900 648 1069 692 nostra
1107 645 1209 692 sine
1248 648 1425 704 mente,
1471 646 1544 692 ita
1583 645 1757 693 civitas
1797 647 1900 693 sine

231 720 338 782 lege
378 720 477 766 suis
509 718 747 779 partibus,
786 721 842 765 ut
887 720 1050 765 nervis
1098 733 1153 764 ac
1194 720 1428 781 sanguine
1462 721 1511 765 et
1541 718 1786 778 membris,
1825 720 1903 765 uti

231 808 329 840 non
368 788 563 853 potest’.
604 792 688 839 sed
727 794 783 838 ut
822 792 912 839 hac
953 793 1166 853 corporis
1192 791 1394 838 humani
1426 807 1514 852 pro
1550 790 1790 851 Cluentio,
1829 791 1902 838 ita

231 882 319 926 pro
362 865 586 913 Cornelio
627 881 876 925 equorum,
922 880 1010 925 pro
1051 865 1232 911 Archia
1272 880 1500 912 saxorum
1547 881 1739 926 quoque
1785 880 1900 912 usus
1927 881 1968 912 10

142 938 204 982 26
232 941 304 987 est
343 938 677 986 similitudine.
718 939 821 996 illa,
860 941 915 985 ut
954 939 1068 998 dixi,
1116 938 1367 999 propiora:
1424 935 1498 985 ‘ut
1543 938 1751 1001 remiges
1798 940 1902 986 51110

230 1012 570 1075 gubernatore,
610 1013 677 1059 sic
716 1013 899 1059 milites
940 1013 1042 1058 sine
1082 1014 1376 1072 imperatore
1416 1012 1540 1058 nihil
1578 1008 1775 1059 valere'.
1827 1027 1901 1060 so-

229 1086 334 1133 lent
370 1089 536 1133 tamen
560 1086 729 1132 fallere
768 1085 1146 1134 similitudinum
1186 1085 1384 1146 species,
1423 1084 1630 1146 ideoque
1670 1085 1902 1132 adhiben-

230 1159 345 1206 dum
386 1162 459 1207 est
497 1161 565 1207 eis
604 1159 853 1205 iudicium.
909 1174 1066 1220 neque
1106 1158 1234 1205 enim
1273 1161 1327 1205 ut
1368 1160 1508 1205 navis
1555 1158 1725 1206 utilior
1775 1174 1903 1206 nova

232 1248 379 1293 quam
418 1236 572 1291 vetus,
613 1234 682 1279 sic
713 1231 947 1291 amicitia,
980 1233 1073 1290 vel,
1110 1235 1166 1278 ut
1205 1231 1452 1278 laudanda
1484 1247 1608 1293 quae
1641 1234 1902 1293 pecuniam
1929 1247 1968 1279 15

230 1322 372 1353 suam
409 1306 632 1367 pluribus
673 1306 899 1368 largitur,
939 1306 1010 1352 ita
1051 1321 1174 1366 quae
1221 1306 1442 1352 formam.
1496 1305 1644 1352 verba
1691 1309 1804 1352 sunt
1850 1306 1899 1352 111

229 1380 304 1427 1115
344 1380 525 1426 similia
564 1381 828 1427 vetustatis
869 1383 915 1426 et
954 1378 1249 1440 largitionis,
1297 1381 1369 1426 vis
1411 1379 1607 1440 quidem
1646 1379 1790 1442 longe
1831 1378 1902 1425 di-

142 1451 202 1496 27
230 1468 370 1501 versa
409 1453 642 1514 pecuniae
677 1456 724 1499 et
755 1453 1023 1514 pudicitiae
1056 1448 1229 1514 <navis
1256 1455 1303 1499 et
1328 1450 1626 1512 amicitiae),
1657 1454 1826 1513 itaque
1850 1454 1902 1499 in

228 1527 319 1573 hoc
359 1542 533 1589 genere
573 1528 783 1573 maxime
824 1528 1090 1587 quaeritur,
1132 1541 1192 1572 an
1234 1526 1391 1573 simile
1418 1527 1483 1573 sit
1516 1526 1646 1587 quod
1677 1526 1900 1574 infertur.

230 1602 379 1647 etiam
417 1602 469 1647 in
509 1600 608 1647 illis
649 1599 1120 1662 interrogationibus
1162 1598 1444 1658 Socraticis,
1494 1615 1703 1660 quarum
1752 1600 1900 1661 paulo
1927 1615 1968 1645 ‘20

231 1677 342 1721 ante
384 1674 476 1721 feci
515 1675 826 1733 mentionem,
867 1673 1140 1720 cavendum
1179 1689 1237 1720 ne
1269 1674 1465 1720 incaute
1500 1673 1808 1733 respondeas,
1846 1677 1901 1720 ut

230 1748 360 1807 apud
421 1747 713 1794 Aeschinem
783 1747 1086 1794 Socraticum
1154 1747 1282 1793 male
1352 1746 1603 1807 respondit
1665 1746 1902 1807 Aspasiae

140 1819 202 1864 28
229 1821 564 1881 Xenophontis
604 1837 740 1880 uxor,
796 1820 926 1881 quod
968 1819 1132 1867 Cicero
1172 1820 1247 1868 his
1295 1820 1454 1868 Verbis
1495 1820 1749 1867 transfert:
1804 1816 1901 1867 ‘dic

230 1895 365 1953 mihi,
407 1910 602 1956 quaeso,
641 1894 978 1955 Xenophontis
1019 1910 1153 1951 uxor,
1193 1896 1235 1940 si
1274 1895 1437 1940 vicina
1478 1897 1565 1941 tua
1604 1894 1777 1941 melius
1816 1893 1900 1940 ha-

228 1968 343 2015 beat
374 1984 548 2015 aurum
573 1984 722 2029 quam
754 1971 809 2014 tu
840 1968 1004 2026 habes,
1045 1973 1270 2014 utrumne
1303 1967 1424 2014 illud
1458 1983 1520 2014 an
1551 1970 1692 2014 tuum
1724 1965 1901 2015 malis?
1926 1982 1967 2013 ‘25

227 2042 367 2100 illud,
406 2042 580 2102 inquit.
623 2042 755 2103 quid,
804 2043 845 2088 si
885 2045 1070 2088 vestem
1111 2044 1156 2087 et
1198 2044 1413 2088 ceterum
1452 2044 1682 2088 ornatum
1728 2041 1900 2087 mulie-

227 2116 363 2162 brem
401 2116 549 2176 pretii
589 2115 787 2162 maioris
835 2115 1028 2173 habeat,
1077 2130 1221 2175 quam
1270 2118 1346 2173 tu,
1393 2118 1594 2162 tuumne
1650 2130 1712 2161 an
1765 2114 1900 2162 illius

228 2187 404 2236 malis?
444 2189 717 2249 respondit:
757 2188 891 2236 1111115
927 2204 1052 2235 vero.
1095 2204 1184 2250 age
1217 2189 1298 2247 sis,
1337 2190 1512 2248 inquit,
1554 2190 1595 2235 si
1627 2190 1788 2235 virum
1812 2188 1901 2235 illa

228 2262 478 2310 meliorem
525 2263 717 2322 habeat,
770 2278 918 2323 quam
964 2265 1019 2308 tu
1057 2261 1221 2319 habes,
1273 2265 1498 2308 utrumne
1550 2265 1689 2308 tuum
1740 2262 1898 2308 virum

350 2392 371 2429 7
396 2358 636 2443 vpiijluent.
659 2391 727 2440 53,
756 2392 837 2430 146
858 2413 911 2418 —
932 2391 984 2429 10
1002 2402 1045 2442 p.
1066 2386 1240 2429 Cornel.
1261 2387 1312 2429 fr.
1333 2388 1385 2430 A.
1410 2386 1515 2429 VIII
1529 2387 1614 2429 inc.
1643 2393 1666 2430 2
1695 2413 1748 2418 -
1777 2391 1830 2429 10
1856 2403 1899 2443 p.

227 2448 361 2489 Arch.
397 2452 436 2498 8,
473 2451 524 2489 19
558 2473 605 2479 —
647 2451 700 2488 23
733 2447 799 2488 De
832 2447 919 2488 inv.
958 2451 995 2497 1,
1031 2451 1098 2498 31,
1133 2452 1184 2488 :31

349 2569 372 2607 6
407 2564 580 2607 dictum
615 2567 683 2607 est
714 2564 828 2606 illud
864 2572 907 2605 P
1027 2567 1078 2605 18
1111 2563 1385 2621 pudicitiae]
1427 2563 1660 2607 amicitiae
1692 2577 1792 2608 corr
1827 2572 1862 2605 A
1892 2563 1896 2620 Ι

229 2623 357 2665 navis
395 2626 441 2666 et
473 2623 707 2666 amicitiae
733 2629 837 2678 post
869 2623 1048 2665 diversa
1081 2623 1173 2665 add
1205 2622 1429 2679 Spaldiny
1565 2627 1619 2666 20
1654 2622 1899 2666 Socraticis

228 2682 374 2725 811001.-
407 2683 598 2725 socratis
721 2687 774 2724 22
807 2682 1034 2736 Aspasiae
1068 2690 1125 2724 1¹:
1160 2682 1380 2736 Aspasias
1414 2690 1449 2723 Α
1483 2682 1679 2737 Aspasia
1712 2689 1755 2724 B

229 2745 283 2782 25
315 2739 458 2784 habes
477 2755 545 2784 om
570 2750 605 2782 A
635 2743 640 2797 Ι
669 2740 794 2783 1111115
819 2742 890 2783 hic
907 2746 946 2783 et
964 2745 1018 2782 26
1045 2741 1152 2794 Pcf
1172 2742 1226 2783 Vt
1244 2755 1278 2795 p
1303 2745 1387 2783 408
1417 2744 1422 2791 Ι
1452 2753 1510 2782 311
1535 2743 1566 2783 t.
1592 2740 1756 2783 malis?
1782 2740 1899 2783 illud

227 2813 298 2842 om
329 2807 412 2841 AB
531 2805 582 2842 27
618 2813 754 2855 quam
787 2802 840 2842 tu
872 2799 1015 2841 habes
1050 2807 1093 2840 P
1217 2804 1271 2841 28
1304 2799 1437 2842 1113115
1473 2825 1525 2830 —
1559 2799 1684 2842 illius
1718 2813 1788 2842 om
1819 2808 1903 2843 AB

233 2859 235 2914 4
273 2871 358 2915 age
392 2858 473 2916 sis]
508 2859 618 2902 cedo
653 2859 667 2901 l
703 2860 830 2902 caria
863 2860 913 2901 in
945 2866 1011 2899 Ab

2038 1350 2044 1411 1
