2055 3130
771 67 847 111 IV.
883 73 923 121 2,
958 71 1144 110 69—80.
1697 68 1804 118 213

120 209 261 255 brevi
313 210 502 269 primae
565 208 917 269 propositionis
973 207 1254 253 defensione
1310 207 1517 253 mollita.
1583 210 1633 253 at
1697 208 1894 253 (31111175

122 285 380 344 quaeritur
433 279 514 328 ‘an
561 283 748 328 factum
800 277 882 329 sit'
939 281 1019 327 vel
1078 277 1244 340 ‘quale
1297 281 1485 328 factum
1537 276 1637 338 sit-²,
1691 280 1805 327 licet

122 359 286 404 omnia
327 360 495 403 contra
534 370 622 402 nos
662 357 775 414 sint,
823 370 919 415 quo
959 354 1104 401 modo
1143 357 1310 400 tamen
1351 354 1536 400 evitare
1577 354 1806 414 expositi-

121 447 264 477 onem
311 431 448 478 salva
489 444 661 476 causae
700 429 892 475 ratione
932 426 1226 489 possumus‘.>
1266 429 1490 475 narravit
1538 431 1806 489 accusator,

77 521 95 553 5
121 520 278 565 neque
318 504 404 562 ita,
443 505 501 549 ut
541 518 665 563 quae
707 504 869 549 essent
910 505 1020 548 acta
1051 505 1249 548 tantum
1273 502 1527 561 indicaret,
1568 501 1652 548 sed
1678 502 1807 548 adie-

121 579 188 624 cit
226 577 481 636 invidiam,
522 592 626 622 rem
666 576 830 623 verbis
871 578 1203 636 exasperavit:
1246 578 1555 623 accesserunt
1585 575 1805 636 probati-

120 666 249 710 ones,
290 651 538 712 peroratio
578 649 799 696 incendit
839 653 888 696 et
934 650 1105 711 plenos
1151 652 1255 697 irae
1306 649 1522 710 reliquit.
1580 653 1807 710 expectat
1836 649 1895 692 76

117 725 415 771 naturaliter
453 724 613 783 iudex,
654 724 774 784 quid
813 727 1041 770 narretur
1080 740 1108 770 a
1147 724 1301 772 nobis.
1353 725 1394 770 si
1433 724 1560 770 1111111
1607 724 1806 784 exponi-

116 814 240 858 mus,
281 799 371 845 illa
397 814 514 859 esse,
556 813 680 859 quae
707 798 1018 845 adversarius
1046 798 1183 858 dixit,
1219 801 1265 845 et
1290 798 1430 857 talia,
1465 798 1633 857 qualia
1665 798 1805 855 dixit,

49 890 93 921 1ο
118 873 288 919 credat
326 887 522 920 necesse
563 876 647 919 est.
699 873 818 932 quid
858 870 1011 934 ergo‘?
1059 872 1230 919 eadem
1277 870 1610 932 exponemus?
1659 872 1700 919 si
1747 872 1805 918 de

116 947 362 1008 qualitate
403 948 581 1009 agitur,
623 947 761 993 cuius
801 949 910 993 tum
949 946 1145 993 demum
1185 946 1412 1007 quaestio
1454 948 1548 1005 est,
1597 961 1707 992 cum
1747 946 1804 992 de

114 1036 167 1067 re
209 1024 423 1080 constat,
472 1020 663 1079 eadem,
712 1020 796 1067 sed
842 1036 940 1067 non
989 1020 1159 1067 eodem
1205 1020 1378 1068 modo:
1436 1020 1558 1066 alias
1615 1035 1804 1078 causas,

116 1095 267 1141 aliam
306 1097 535 1154 mentem,
579 1095 727 1141 aliam
759 1096 1005 1142 rationem
1046 1095 1186 1141 dabo.
1228 1094 1390 1141 verbis
1433 1094 1622 1141 elevare
1656 1110 1803 1155 quae·
1834 1096 1890 1139 77

116 1168 230 1214 dam
279 1168 471 1216 licebit:
533 1169 729 1216 luxuria
790 1168 1125 1227 liberalitatis,
1189 1168 1401 1215 avaritia
1456 1169 1803 1230 parsimoniae,

0 1263 1 1279 1
48 1259 89 1290 15
115 1243 432 1305 neglegentia
480 1243 818 1303 simplicitatis
865 1245 1063 1290 nomine
1110 1244 1336 1301 lenietur,
1386 1243 1532 1289 Vultu
1580 1242 1804 1304 denique,

0 1316 1 1328 ³
115 1332 250 1376 voce,
288 1317 464 1364 habitu
503 1318 582 1364 vel
621 1318 807 1365 favoris
850 1317 1041 1377 aliquid
1080 1317 1161 1364 vel
1199 1317 1532 1364 miserationis
1557 1316 1803 1363 merebor:

114 1391 241 1438 solet
280 1407 654 1452 nonnumquam
692 1407 889 1438 movere
920 1392 1152 1438 lacrimas
1191 1391 1301 1452 ipsa
1342 1391 1596 1438 confessio.
1655 1393 1803 1452 atque

115 1480 204 1527 ego
259 1465 472 1512 libenter
524 1466 846 1528 interrogem,
903 1467 1002 1513 sint
1055 1466 1144 1512 illa
1200 1465 1467 1525 defensuri,
1525 1480 1649 1526 quae
1704 1481 1803 1512 non

112 1541 443 1599 narraverint,
483 1538 668 1587 necne‘?
707 1555 824 1586 nam
857 1541 1081 1600 sineque
1108 1540 1417 1586 defenderint
1448 1555 1606 1601 neque
1633 1555 1802 1585 narra-
1834 1538 1892 1583 78

46 1630 89 1661 20
113 1615 292 1674 verint,
331 1617 440 1661 tota
481 1629 628 1661 causa
667 1613 925 1675 prodetur:
967 1618 1020 1660 at
1060 1615 1102 1661 si
1142 1614 1390 1661 defensuri
1438 1616 1575 1673 sunt,
1624 1629 1802 1674 propo-

112 1704 226 1735 nere
268 1690 396 1734 certe
429 1688 719 1749 plerumque
751 1688 817 1748 id,
860 1689 989 1749 quod
1017 1687 1354 1735 confirmaturi
1379 1703 1559 1747 sumus,
1593 1690 1801 1748 oportet.

113 1776 200 1808 cur
239 1778 354 1825 ergo
394 1778 493 1809 non
533 1777 847 1823 exponamus,
889 1762 1019 1823 quod
1060 1765 1107 1809 et
1148 1762 1271 1809 dilui
1309 1765 1475 1823 potest
1519 1765 1581 1822 et,
1621 1765 1680 1808 ut
1711 1761 1801 1809 hoc

113 1838 384 1898 contingat,
426 1838 598 1897 utique
637 1836 955 1883 indicandum
998 1835 1105 1884 est‘?
1145 1839 1232 1883 aut
1272 1836 1391 1897 quid
1429 1838 1559 1883 inter
1583 1836 1802 1897 probati·
1833 1836 1891 1879 79

113 1926 253 1957 0110111
296 1913 345 1957 et
384 1912 721 1958 narrationem
759 1912 980 1970 interest,
1020 1912 1118 1957 nisi
1157 1911 1292 1971 quod
1330 1912 1551 1957 narratio
1586 1913 1661 1957 est
1690 1926 1801 1971 pro-

45 1999 86 2030 25
111 1983 328 2031 bationis
385 1986 619 2032 continua
673 1987 964 2046 propositio,
1019 2000 1187 2031 rursus
1241 1985 1470 2046 probatio
1525 1985 1803 2031 narrationi

112 2073 385 2121 congruens
427 2057 769 2107 confirmatio?
809 2059 1064 2106 videamus
1099 2075 1228 2121 ergo,
1268 2076 1385 2105 num
1413 2060 1654 2120 expositio
1680 2059 1801 2106 haec

109 2133 306 2195 longior
354 2133 550 2179 demum
610 2148 713 2181 esse
761 2133 938 2180 debeat
993 2138 1040 2180 et
1094 2134 1245 2194 paulo
1293 2132 1547 2180 verbosior
1592 2149 1799 2194 praepa-

108 2208 300 2254 ratione
342 2210 391 2254 et
439 2207 734 2289 quibusdam
791 2209 1095 2269 argumentis
1144 2201 1474 2273 (argumentis
1524 2207 1646 2267 dico,
1701 2223 1799 2254 non

111 2276 587 2347 argumentatione),
638 2282 715 2329 cui
754 2285 921 2329 tamen
968 2282 1241 2343 plurimum
1297 2282 1514 2329 conferet
1569 2282 1798 2342 fiequens

42 2372 88 2403 30
113 2355 415 2415 adfirmatio,
463 2356 718 2403 effecturos
766 2372 855 2403 nos
908 2356 1040 2417 quod
1087 2356 1315 2404 dicimus:
1361 2372 1461 2403 non
1506 2371 1648 2416 posse
1696 2356 1799 2402 vim

107 2445 272 2476 rerum
313 2429 505 2477 ostendi
543 2432 705 2491 prima
746 2432 1072 2491 expositione.
1138 2432 1395 2491 expectent
1439 2433 1487 2476 et
1543 2429 1797 2491 opiniones

108 2519 221 2551 suas
262 2503 494 2550 differant
526 2508 575 2551 et
612 2505 735 2552 bene
777 2508 985 2564 sperent.
1028 2505 1238 2565 denique
1279 2505 1450 2565 utique
1489 2504 1793 2550 narrandum
1823 2503 1886 2547 80

108 2580 197 2636 est,
249 2578 493 2638 quidquid
541 2579 699 2638 aliter,
751 2595 896 2639 quam
949 2579 1260 2626 adversarius
1309 2579 1555 2639 exposuit,
1602 2579 1798 2625 narrari

227 2767 251 2805 9
285 2765 332 2805 et
362 2777 455 2806 non
486 2764 604 2807 talia
635 2772 681 2806 Β
817 2770 868 2807 11
905 2767 1070 2822 agetur
1100 2773 1302 2816 BnByP
1433 2768 1486 2806 13
1519 2765 1726 2807 mentem
1756 2772 1794 2805 A

114 2822 172 2865 Vt
197 2836 232 2877 p
264 2826 371 2865 425:
420 2826 561 2877 atque
595 2832 638 2866 P
666 2837 734 2867 om
766 2831 812 2866 B
844 2826 892 2867 ι’«η
925 2826 994 2867 lac
1163 2829 1217 2866 14
1249 2823 1548 2866 liberalitatis
1582 2824 1794 2866 Meister:

103 2880 361 2924 hilaritatis
393 2890 521 2924 ABP
559 2884 616 2926 Vt
742 2887 797 2926 29
832 2883 1011 2926 confert
1040 2891 1130 2925 BP
