2055 3130
221 73 326 126 190
712 71 1085 124 QVINTILIANI
1114 71 1178 114 IN
1182 71 1263 114 ST.
1298 70 1390 115 ΟΒ.

132 213 194 256 28
219 212 340 273 quid
377 211 510 272 passi
550 226 715 257 sumus
756 225 904 272 grave
936 211 1039 256 sive
1078 210 1284 270 passuri.
1324 225 1481 270 neque
1520 211 1650 256 enim
1687 225 1795 256 sum
1833 211 1886 256 in

218 286 309 332 hac
349 287 593 345 opinione,
634 299 730 344 qua
769 283 984 343 quidam,
1038 286 1093 329 ut
1139 298 1194 329 eo
1242 283 1423 329 distare
1473 284 1777 342 prooemium
1824 282 1887 329 ab

218 359 412 420 epilogo
454 357 661 415 credam,
719 356 848 416 quod
895 358 948 402 in
993 356 1085 402 hoc
1138 357 1422 416 praeterita,
1474 357 1531 401 in'
1578 356 1666 402 illo
1719 356 1887 402 futura

218 431 455 489 dicantur,
495 430 578 477 sed
618 430 748 490 quod
778 431 831 475 in
868 431 1091 491 ingressu
1129 430 1325 489 parcius
1365 432 1414 475 et
1443 429 1709 475 modestius
1747 444 1887 488 prae-

216 504 503 563 temptanda
542 503 606 549 sit
644 502 820 550 iudicis
858 501 1203 562 misericordia,
1255 502 1303 547 in
1346 502 1539 564 epilogo
1586 517 1701 548 vero
1741 502 1888 548 liceat
1934 519 1954 550 5
2027 566 2032 570 ἡ

216 581 347 624 totos
381 576 624 623 effundere
664 575 901 633 adfectus,
941 578 990 621 et
1027 575 1192 621 fictam
1232 575 1503 622 orationem
1540 575 1740 620 induere
1778 590 1886 634 per-

218 652 348 697 sonis
389 654 436 696 et
476 650 730 696 defunctos
771 650 981 695 excitare
1021 652 1069 695 et
1113 650 1323 710 pignora
1368 664 1561 694 reorum
1600 648 1887 708 producere:

130 724 192 768 29
218 738 341 784 quae
381 725 542 769 minus
580 725 631 768 in
666 721 874 768 exordiis
907 725 1021 768 sunt
1051 723 1249 768 usitata.
1290 721 1372 769 sed
1405 722 1538 779 haec,
1578 736 1704 781 quae
1737 736 1886 782 supra

219 796 334 855 dixi,
371 811 474 843 non
498 812 692 842 movere
722 798 934 854 tantum,
972 810 1143 840 verum
1168 811 1223 841 ex
1249 795 1440 841 diverso
1466 795 1662 840 amoliri
1693 809 1887 854 quoque

215 871 467 930 prooemio
531 884 652 930 opus
703 872 788 914 est.
844 872 899 914 ut
953 872 1118 915 autem
1171 872 1392 914 nostrum
1442 867 1783 926 miserabilem,
1845 869 1888 914 si
1913 884 1956 915 10

216 943 484 1002 vincamur,
524 944 721 1001 exitum,
759 943 832 988 ita
864 941 1252 988 adversariorum
1285 941 1561 1002 superbum,
1593 943 1636 987 si
1667 940 1889 1000 vicerint,

216 1016 337 1063 utile
377 1019 450 1063 est
489 1015 632 1062 credi.

130 1090 194 1134 30
330 1089 424 1136 Sed
471 1105 527 1135 ex
573 1090 635 1134 iis
685 1104 893 1148 quoque,
946 1103 1071 1148 quae
1126 1103 1222 1133 non
1269 1091 1385 1134 sunt
1432 1103 1750 1147 personarum
1800 1101 1890 1133 1160

219 1178 489 1222 causarum,
529 1178 698 1209 verum
738 1162 969 1208 adiuncta
1007 1163 1227 1222 personis
1267 1164 1314 1207 et
1354 1162 1529 1219 causis,
1569 1161 1681 1206 duci
1718 1176 1887 1220 prooe-

217 1238 317 1282 mia
357 1237 527 1282 solent.
567 1237 786 1296 personis
839 1235 1151 1294 adplicantur
1203 1250 1301 1281 non
1354 1235 1564 1295 pignora
1615 1233 1774 1293 modo,
1830 1234 1887 1279 de
1914 1250 1956 1281 15

220 1309 396 1370 quibus
437 1324 584 1370 supra
624 1308 737 1370 dixi,
794 1308 875 1355 sed
915 1308 1323 1369 propinquitates,
1375 1307 1636 1365 amicitiae,
1690 1308 1889 1353 interim

217 1385 439 1445 regiones
481 1385 630 1429 etiam
678 1383 999 1441 civitatesque
1047 1385 1094 1428 et
1142 1381 1182 1427 si
1229 1381 1346 1441 quid
1395 1379 1532 1426 aliud
1579 1382 1696 1438 eius,
1745 1396 1890 1440 quem

129 1457 190 1500 31
219 1455 535 1514 defendimus,
576 1471 691 1503 casu
730 1455 860 1501 laedi
898 1458 1072 1514 potest.
1125 1454 1186 1500 ad
1226 1469 1426 1501 causam
1465 1457 1602 1500 extra
1641 1455 1890 1513 pertinent,

217 1534 423 1589 tempus,
479 1529 605 1575 unde
660 1529 956 1590 principium
1011 1544 1098 1588 pro
1157 1527 1343 1585 Caelio,
1399 1528 1548 1586 locus,
1609 1527 1737 1573 unde
1798 1543 1887 1587 pro

217 1602 467 1661 Deiotaro,
490 1602 701 1656 habitus,
733 1602 860 1648 unde
893 1618 981 1662 pro
1007 1602 1202 1658 Milone,
1235 1601 1415 1661 opinio,
1447 1601 1573 1646 unde
1597 1601 1647 1646 in
1673 1599 1888 1659 Verrem,
1913 1617 1957 1648 20

219 1676 458 1736 deinceps,
498 1692 556 1722 ne
596 1678 761 1722 omnia
794 1679 1148 1731 enumerentur,
1187 1675 1321 1720 fama
1352 1674 1657 1734 iudiciorum,
1697 1688 1887 1733 exspec-

217 1751 342 1796 tatio
382 1750 543 1811 vulgi:
590 1749 713 1795 nihil
755 1751 883 1794 enim
922 1749 1094 1794 horum
1141 1750 1191 1794 in
1240 1763 1388 1795 eausa
1435 1751 1520 1806 est,
1575 1747 1638 1793 ad
1691 1761 1890 1793 causam

130 1824 192 1868 32
218 1827 383 1870 tamen
422 1825 682 1883 pertinent.
731 1823 882 1868 adicit
923 1822 1288 1881 Theophrastus
1335 1822 1396 1868 ab
1444 1823 1664 1868 oratione
1709 1821 1889 1881 princi-

218 1898 370 1957 pium,
411 1896 554 1957 quale
595 1896 789 1943 videtur
828 1911 929 1941 esse
961 1895 1303 1942 Demosthenis
1343 1910 1430 1954 pro
1465 1893 1794 1954 Ctesiphonte,
1834 1898 1890 1940 1113

219 1970 312 2017 sibi
352 1970 509 2016 dicere
550 1985 636 2016 suo
675 1971 839 2030 potius
881 1969 1084 2015 arbitrio
1132 1970 1296 2027 liceat,
1343 1969 1590 2030 rogantis,
1637 1982 1785 2028 quam
1833 1983 1888 2014 eo
1914 1984 1956 2015 25

218 2043 377 2096 modo,
419 2059 562 2103 quem
602 2046 856 2090 accusator
895 2044 1085 2090 actione
1125 2044 1505 2103 praescripserit.

131 2117 194 2161 33
331 2117 535 2163 Fiducia
573 2118 681 2177 ipsa
729 2117 851 2162 solet
891 2118 1119 2175 opinione
1160 2115 1478 2178 adrogantiae
1517 2115 1754 2161 laborare.
1818 2114 1888 2159 fa-

220 2192 356 2237 ciunt
393 2190 611 2236 favorem
651 2194 698 2236 et
737 2190 826 2235 illa
865 2205 1018 2250 paene
1059 2191 1348 2247 communia,
1400 2205 1497 2235 non
1534 2192 1698 2234 tamen
1747 2189 1888 2234 omit-

219 2263 382 2322 tenda,
422 2264 500 2309 vel
539 2262 648 2310 ideo
688 2279 746 2309 ne
788 2266 1107 2323 occupentur:
1149 2266 1332 2323 optare,
1373 2262 1661 2319 abominari,
1699 2276 1889 2322 rogare,

219 2337 486 2384 sollicitum
533 2352 690 2398 agere,
741 2338 858 2396 quia
897 2336 1182 2396 plerumque
1222 2338 1467 2382 attentum
1504 2335 1717 2380 iudicem
1754 2334 1890 2394 facit,
1914 2351 1957 2382 30

221 2412 263 2456 si
300 2425 376 2457 res
417 2412 499 2471 agi
530 2410 725 2456 videtur
755 2425 897 2467 nova,
937 2424 1130 2470 magna,
1172 2413 1326 2467 atrox,
1365 2410 1613 2469 pertinens
1639 2408 1700 2454 ad
1733 2423 1889 2453 exem-

338 2570 364 2607 4
398 2565 609 2607 dicentur
641 2573 675 2605 A
705 2567 709 2619 Ι
738 2564 786 2606 111
818 2579 884 2607 om
919 2572 955 2605 A
990 2563 1108 2607 Cass.
1127 2579 1158 2619 p
1191 2566 1293 2615 502,
1326 2564 1456 2606 habet
1495 2564 1551 2605 Vt
1575 2577 1611 2617 p
1642 2567 1740 2614 422,
1775 2566 1829 2604 20

222 2630 246 2666 5
281 2624 340 2665 sit
364 2632 400 2664 A
429 2623 572 2667 Cas-z.-
605 2625 674 2665 est
699 2630 879 2676 PBuN,
906 2636 971 2665 om
1002 2630 1071 2673 By
1164 2627 1184 2664 7
1219 2636 1400 2665 reorum
1423 2630 1480 2664 A:
1507 2635 1665 2664 eorum
1687 2628 1776 2663 BP

222 2687 247 2725 8
279 2682 328 2724 111
360 2696 429 2725 om-
462 2690 550 2724 BP
669 2685 721 2723 18
755 2695 864 2724 casu
895 2681 1021 2724 laedi
1052 2688 1113 2723 B:
1163 2680 1347 2723 causa-le
1388 2680 1494 2722 duci
1526 2680 1584 2721 Α2
1625 2693 1764 2722 causa
1796 2678 1890 2721 dici

222 2749 265 2783 P
303 2742 309 2798 Ι
350 2740 552 2795 pertinet
590 2749 678 2783 BP
713 2741 815 2783 item
848 2745 903 2782 23
1084 2744 1134 2782 21
1185 2752 1460 2793 enumerem,
1502 2738 1696 2781 infamia
1734 2747 1771 2780 A

222 2805 276 2841 23
311 2813 337 2841 6
369 2800 609 2855 rogatione
644 2801 831 2842 [Meister
863 2799 921 2841 ab
955 2798 1135 2841 actione
1177 2799 1309 2842 Valla
1431 2803 1484 2840 26
1516 2798 1565 2839 in
1594 2797 1776 2840 actione
1807 2798 1887 2839 Iw.

224 2859 396 2901 Meiller
