2012 3151
68 893 110 922 10

66 1261 108 1293 15

65 1632 108 1662 ‘20

66 2002 108 2033 25

67 2373 111 2403 30

782 69 857 114 VI.
892 75 933 124 3,
966 74 1020 112 98
1032 74 1182 113 —107.
1714 71 1820 123 349

135 214 291 258 risum
330 214 499 258 tamen
538 226 636 257 non
674 210 871 256 habent.
921 225 1078 270 neque
1120 209 1248 256 enim
1291 210 1336 255 ei
1375 209 1432 255 de
1472 209 1587 268 risu,
1637 210 1720 256 sed
1760 210 1817 257 de
1845 214 1938 258 103

135 285 420 332 urbanitate
445 287 519 332 est
551 299 672 345 opus
704 284 1007 341 institutum,
1035 298 1185 343 quam
1216 284 1470 343 propriam
1495 298 1597 330 esse
1623 286 1821 330 nostrae

138 359 357 406 civitatis
411 360 458 404 et
513 374 618 405 sero
668 359 737 405 sic
790 357 1017 419 intellegi
1068 358 1309 417 coeptam,
1366 358 1631 417 postquam
1685 356 1820 403 urbis

137 433 494 494 appellatione,
544 433 694 479 etiam
745 433 785 478 si
840 446 1019 477 nomen
1068 431 1324 492 proprium
1379 446 1476 477 non
1532 430 1821 490 adiceretur,

136 506 345 554 Romam
383 509 550 552 tamen
590 505 747 566 accipi
786 505 852 551 sit
888 507 1152 565 receptum.
1195 520 1402 565 eamque
1442 506 1510 552 sic
1548 503 1678 551 finit:
1722 500 1820 550 ‘ur-
1846 506 1940 550 104

136 580 333 628 banitas
375 582 448 627 est
496 581 654 626 virtus
704 579 948 640 quaedam
1003 579 1054 624 in
1107 578 1254 625 breve
1306 578 1492 625 dictum
1548 581 1718 625 coacta
1774 581 1822 624 et

136 657 254 714 apta
294 654 356 700 ad
397 653 708 701 delectandos
748 652 1110 714 movendosque
1149 652 1371 699 homines
1411 652 1463 697 in
1504 668 1697 700 omnem
1739 652 1821 699 ad-

134 728 319 775 fectum
360 728 527 787 animi,
574 726 785 773 maxime
823 727 1001 773 idonea
1051 726 1113 772 ad
1159 726 1487 772 resistendum
1538 727 1617 773 vel
1670 726 1822 773 laces-

134 802 354 860 sendum,
409 805 557 863 prout
597 816 818 862 quaeque
859 816 934 847 res
984 816 1040 846 ac
1079 815 1295 861 persona
1335 796 1613 847 desiderat'.
1655 800 1733 847 oui
1780 800 1822 847 si

133 876 392 923 brevitatis
435 876 768 936 exceptionem
809 874 1092 932 detraxeris,
1134 873 1290 920 omnis
1331 875 1570 922 orationis
1610 876 1820 921 virtutes

135 949 388 1010 complexa
428 951 506 996 sit.
546 964 664 995 nam
703 949 745 995 si
785 951 979 995 constat
1018 948 1164 996 rebus
1207 951 1256 994 et
1294 949 1539 1009 personis,
1592 948 1724 1009 quod
1767 950 1821 994 in

133 1025 356 1084 utrisque
410 1025 636 1084 oporteat
683 1022 866 1082 dicere,
924 1023 1170 1083 perfectae
1227 1022 1537 1083 eloquentiae
1594 1025 1679 1069 est.
1737 1038 1823 1070 cur

135 1099 300 1144 autem
337 1097 535 1144 brevem
575 1113 676 1144 esse
717 1113 826 1143 eam
865 1096 1092 1155 voluerit,
1132 1098 1311 1155 nescio,
1351 1111 1461 1143 cum
1499 1096 1630 1143 idem
1671 1098 1818 1156 atque
1846 1098 1939 1141 105

132 1173 185 1218 in
226 1172 394 1218 eodem
433 1171 558 1218 libro
600 1171 733 1218 dicat
773 1171 924 1218 fuisse
964 1173 1012 1217 et
1050 1170 1102 1216 in
1141 1170 1314 1217 multis
1354 1170 1588 1217 narrandi
1619 1170 1818 1217 urbani-

132 1247 303 1293 tatem.
357 1246 506 1306 paulo
554 1250 666 1306 post
719 1247 792 1292 ita
844 1244 968 1303 finit,
1027 1243 1240 1303 Catonis,
1295 1247 1352 1291 ut
1400 1244 1484 1304 ait,
1540 1245 1820 1306 opinionem

134 1322 351 1367 secutus:
416 1316 648 1367 ‘urbanus
712 1320 856 1366 homo
921 1320 1035 1377 erit,
1099 1319 1235 1365 cuius
1297 1318 1456 1365 multa
1503 1319 1626 1366 bene
1688 1319 1822 1365 dicta

132 1409 463 1454 responsaque
515 1395 671 1452 erunt,
735 1396 782 1440 et
835 1394 920 1453 qui
969 1394 1022 1439 in
1073 1392 1400 1452 sermonibus,
1451 1394 1661 1453 circulis,
1709 1408 1819 1439 con-

133 1468 294 1527 viviis,
338 1469 459 1513 item
512 1469 565 1513 in
621 1467 945 1526 contionibus,
1000 1467 1133 1514 omni
1188 1467 1399 1527 denique
1454 1468 1560 1514 loco
1614 1467 1819 1514 ridicule

133 1541 482 1602 commodeque
501 1541 642 1588 dicet.
661 1543 788 1589 risus
808 1545 964 1602 erunt,
991 1543 1289 1602 quicumque
1314 1541 1435 1588 haec
1452 1541 1601 1589 faciet
1618 1536 1819 1589 orator’.

135 1631 254 1676 quas
297 1617 339 1663 si
377 1617 640 1677 recipimus
680 1615 942 1675 finitiones,
985 1615 1228 1676 quidquid
1259 1615 1381 1662 bene
1415 1615 1617 1676 dicetur,
1660 1618 1708 1662 et
1739 1632 1818 1661 ur·
1845 1617 1939 1660 106

133 1690 259 1736 bane
300 1690 422 1736 dicti
454 1706 630 1736 nomen
665 1690 889 1750 accipiat.
931 1696 1147 1737 ceterum
1179 1689 1270 1748 illi,
1312 1691 1397 1750 qui
1428 1689 1519 1737 hoc
1552 1705 1819 1751 proposue-

132 1766 225 1819 rat,
267 1767 593 1811 consentanea
634 1765 729 1811 fuit
767 1764 857 1810 illa
898 1764 1090 1822 divisio,
1138 1767 1193 1810 ut
1234 1764 1478 1811 dictorum
1517 1764 1819 1811 urbanorum

134 1838 234 1884 alia
274 1839 415 1895 seria,
457 1838 556 1884 alia
596 1839 775 1897 iocosa,
817 1838 915 1884 alia
954 1838 1117 1885 media
1150 1839 1354 1885 faceret:
1395 1855 1511 1886 nam
1544 1842 1618 1886 est
1650 1837 1820 1885 eadem

134 1913 354 1958 omnium
392 1913 514 1959 bene
563 1912 819 1959 dictorum.
868 1929 1041 1960 verum
1088 1913 1211 1958 mihi
1260 1914 1412 1958 etiam
1458 1913 1624 1960 iocosa
1673 1927 1819 1974 quae-

135 1986 250 2033 dam
288 1986 518 2033 videntur
541 2002 684 2047 posse
715 1984 838 2049 <in>
870 2003 968 2033 non
995 1988 1116 2034 satis
1141 1986 1331 2033 urbana
1355 1988 1540 2033 referri.
1566 2003 1683 2033 nam
1706 2002 1815 2033 meo
1843 1987 1934 2031 107

135 2060 333 2120 quidem
373 2061 556 2108 iudicio
596 2061 686 2108 illa
726 2064 797 2108 est
838 2061 1111 2120 urbanitas,
1150 2062 1203 2106 in
1244 2077 1342 2121 qua
1393 2061 1518 2108 nihil
1567 2060 1818 2119 absonum,

132 2135 259 2180 nihil
298 2137 506 2197 agreste,
556 2135 680 2182 nihil
727 2135 1058 2196 inconditum,
1114 2135 1240 2182 nihil
1290 2135 1606 2198 peregrinum
1659 2151 1817 2195 neque

133 2224 278 2255 sensu
317 2225 474 2269 neque
513 2208 674 2255 verbis
713 2225 871 2269 neque
913 2225 993 2255 ore
1036 2212 1238 2271 gestuve
1277 2210 1436 2270 possit
1475 2209 1724 2270 deprendi,
1764 2212 1820 2255 ut

133 2298 232 2329 non
270 2284 375 2329 tam
415 2284 481 2330 sit
518 2284 572 2329 in
611 2283 820 2345 singulis
846 2283 990 2331 dictis
1026 2299 1176 2344 quam
1200 2285 1252 2329 in
1276 2286 1382 2330 toto
1417 2283 1577 2330 colore
1611 2283 1819 2343 dicendi,

138 2357 301 2417 qualis
355 2356 485 2417 apud
534 2355 744 2404 Graecos
799 2355 1074 2419 ἁττικισμός
1121 2358 1206 2403 ille
1253 2357 1459 2405 reddens
1511 2358 1819 2405 Athenarum

254 2589 278 2627 8
314 2587 457 2629 animi
488 2595 546 2630 A:
588 2601 658 2630 om
693 2589 770 2632 rell
895 2594 944 2630 11
982 2587 1020 2629 si
1054 2589 1237 2630 constat
1270 2596 1326 2630 A:
1369 2588 1490 2630 sicut
1527 2587 1619 2629 ista
1652 2595 1824 2629 PI'GM

134 2645 174 2687 si
208 2645 433 2688 consistat
465 2648 663 2690 Bomaell
845 2653 897 2689 13
933 2661 1038 2689 cum
1076 2647 1202 2689 idem
1242 2647 1401 2704 atque]
1451 2661 1556 2690 cum
1594 2647 1719 2689 idem
1760 2647 1820 2688 ad

134 2719 274 2758 quem
304 2712 342 2746 A
373 2711 413 2748 et
449 2707 656 2749 similiter
692 2714 818 2748 GVM
839 2707 1028 2761 quidem
1054 2709 1102 2748 at
1120 2719 1260 2761 quam
1285 2708 1446 2761 P-cfp
1473 2711 1573 2759 276,
1602 2711 1638 2749 7.
1667 2711 1765 2759 311,
1794 2710 1817 2748 9

257 2768 310 2806 14
344 2766 391 2807 et
421 2765 491 2807 del
523 2765 749 2822 Spaldiny
873 2771 924 2808 16
959 2765 1048 2808 erit
1079 2774 1176 2808 Pr:
1210 2780 1303 2807 non
1336 2765 1424 2808 erit
1447 2774 1588 2819 ΛΕΜ,
1622 2767 1724 2808 Vin
1747 2780 1819 2821 my

255 2826 309 2865 19
343 2825 478 2866 erunt
513 2832 696 2866 GJIPV:
731 2824 819 2867 erit
849 2833 886 2865 A
1008 2830 1061 2867 25
1095 2825 1144 2867 in
1176 2826 1269 2868 add
1301 2826 1476 2869 Meinez
1502 2827 1507 2879 Ι
1535 2824 1710 2867 urbane
1744 2832 1827 2866 Pl·

139 2883 144 2938 1
180 2880 333 2924 efferri
365 2884 535 2926 Becher
655 2888 710 2926 30
742 2884 955 2927 redolens
989 2885 1161 2941 Reyius
