2055 3130
208 67 317 118 300
699 67 1073 120 QVINTILIANI
1103 71 1252 114 INST.
1287 70 1380 114 ΟΒ.

155 214 180 258 7
216 206 382 254 cedere
443 209 668 268 possunt,
733 209 909 269 quibus
960 209 1278 256 subiciuntur.
1342 226 1588 259 sumamus
1642 213 1772 258 enim
1827 228 1884 259 ex

213 278 441 328 Cicerone
482 283 696 341 quinque
735 282 954 342 partium
1002 283 1296 343 exemplum:
1354 280 1545 330 ‘melius
1585 285 1885 332 adcurantur

211 368 282 413 ea,
324 369 447 414 quae
488 354 692 400 consilio
731 357 990 418 reguntur,
1042 371 1189 416 quam
1231 371 1353 416 quae
1400 358 1503 403 sine
1550 359 1752 404 consilio
1800 358 1883 405 ad-

210 428 569 473 ministrantur.
616 427 742 474 hanc
779 431 991 489 primam
1029 432 1222 490 partem
1268 432 1550 490 numerant,
1598 446 1704 478 eam
1751 430 1883 477 dein-

211 515 322 560 ceps
361 499 636 547 rationibus
683 503 835 548 variis
883 505 931 548 et
982 518 1129 563 quam
1184 503 1532 563 copiosissimis
1583 503 1743 551 verbis
1799 504 1882 551 ad-
1930 521 1950 552 5

209 572 411 634 probari
448 575 627 633 putant
668 571 926 635 oportere'.
966 575 1058 621 hoc
1098 591 1186 638 ego
1226 578 1384 622 totum
1426 592 1535 623 cum
1575 592 1662 623 sua
1692 579 1884 625 ratione

210 662 360 692 unum
402 649 547 706 puto:
596 647 784 707 alioqui
824 650 865 694 si
910 650 1038 695 ratio
1088 664 1202 709 pars
1260 653 1344 709 est,
1402 652 1476 696 est
1529 652 1693 696 autem
1746 652 1885 697 varia

152 725 181 770 8
213 721 357 778 ratio,
404 719 569 779 plures
615 724 781 780 partes
830 737 931 768 esse
981 721 1220 768 dicantur.
1269 722 1661 783 adsumptionem
1712 724 1885 771 deinde

209 794 373 852 ponit:
425 789 566 838 ‘nihil
617 796 780 840 autem
837 796 1056 841 omnium
1101 812 1261 842 rerum
1310 796 1484 843 melius
1532 812 1680 857 quam
1728 798 1885 845 omnis

208 865 420 912 mundus
461 866 847 913 administratur.
899 869 1044 916 huius
1085 869 1442 930 adsumptionis
1484 872 1659 930 quarto
1694 872 1746 916 in
1778 871 1884 917 loco
1910 886 1955 918 10

210 939 358 985 aliam
399 955 545 999 porro
585 939 825 987 inducunt
864 939 1310 1002 adprobationem’:
1350 943 1408 989 de
1449 959 1546 1003 quo
1585 943 1716 990 idem
1756 944 1887 1005 quod

151 1019 180 1063 9
213 1028 362 1072 supra
401 1012 522 1059 dico.
565 1008 757 1074 ‘quinto
797 1015 1036 1062 inducunt
1065 1016 1173 1063 loco
1207 1017 1586 1077 conplexionem,
1627 1033 1752 1077 quae
1799 1019 1887 1064 aut

209 1086 259 1132 id
300 1086 452 1132 infert
491 1087 663 1146 solum,
712 1087 841 1148 quod
881 1104 939 1134 ex
987 1089 1209 1136 omnibus
1261 1090 1485 1150 partibus
1534 1091 1748 1151 cogitur,
1793 1091 1885 1137 hoc

209 1159 378 1206 modo:
430 1160 633 1207 consilio
682 1160 835 1223 igitur
882 1162 1092 1208 mundus
1139 1162 1536 1222 administratur,
1585 1166 1684 1221 aut,
1734 1180 1885 1210 unum

209 1234 262 1279 in
316 1233 476 1279 locum
532 1249 640 1280 cum
697 1235 929 1281 conduxit
983 1235 1197 1282 breviter
1261 1238 1645 1297 propositionem
1700 1239 1749 1283 et
1803 1237 1884 1284 ad-
1911 1254 1954 1285 15

215 1308 559 1367 sumptionem,
601 1307 840 1370 adiungit,
897 1309 1016 1369 quid
1063 1325 1118 1356 ex
1165 1309 1240 1356 his
1289 1309 1586 1370 conficiatur,
1644 1311 1706 1357 ad
1758 1311 1886 1358 hunc

213 1379 432 1426 modum:
502 1381 632 1441 quod
690 1383 730 1428 si
780 1382 955 1429 melius
1011 1384 1246 1445 geruntur
1301 1399 1425 1443 quae
1481 1384 1683 1431 consilio
1739 1399 1887 1444 quam

212 1468 337 1513 quae
385 1455 487 1500 sine
540 1455 743 1501 consilio
797 1455 1224 1518 administrantur,
1281 1457 1406 1503 nihil
1453 1460 1618 1504 autem
1669 1459 1887 1505 omnium

209 1542 375 1573 rerum
414 1527 588 1574 melius
630 1544 773 1588 quam
818 1531 972 1576 omnis
1012 1529 1222 1577 mundus
1257 1531 1643 1590 administratur,
1684 1531 1886 1579 consilio

209 1602 366 1662 igitur
403 1601 613 1648 mundus
656 1599 1061 1649 administratur'.
1103 1605 1182 1649 cui
1220 1606 1352 1664 parti
1392 1606 1656 1652 consentio.
1911 1620 1955 1651 20

124 1674 186 1717 10
323 1673 381 1720 In
420 1674 577 1721 tribus
611 1680 790 1733 autem,
833 1692 955 1736 quas
988 1677 1204 1737 fecimus,
1245 1678 1468 1737 partibus
1501 1693 1596 1724 non
1631 1681 1704 1725 est
1729 1678 1886 1725 forma

211 1762 402 1808 semper
450 1747 632 1808 eadem,
684 1749 766 1795 sed
813 1765 925 1809 una,
977 1750 1028 1796 in
1068 1766 1164 1811 qua
1211 1751 1339 1797 idem
1380 1752 1709 1811 concluditur,
1758 1751 1887 1812 quod

210 1820 506 1868 intenditur:
563 1817 747 1869 ‘anima
797 1824 1074 1871 inmortalis
1131 1827 1217 1883 est,
1278 1841 1392 1871 nam
1448 1825 1685 1886 quidquid
1733 1841 1790 1872 ex
1837 1840 1886 1872 se

209 1896 318 1955 ipso
364 1898 610 1955 movetur,
664 1898 925 1943 inmortale
979 1902 1072 1956 est,
1128 1899 1293 1944 anima
1348 1902 1513 1945 autem
1568 1914 1623 1945 ex
1671 1914 1719 1946 se
1778 1900 1887 1959 ipsa

211 1972 449 2028 movetur,
496 1970 773 2016 inmortalis
822 1971 977 2032 igitur
1017 1974 1091 2018 est
1131 1967 1328 2018 anima’.
1370 1972 1459 2018 hoc
1498 1972 1554 2018 fit
1595 1988 1688 2019 non
1729 1972 1886 2019 solum
1912 1987 1955 2018 25

210 2043 263 2087 in
318 2043 525 2104 singulis
582 2046 906 2105 argumentis,
959 2045 1041 2091 sed
1096 2047 1147 2090 in
1201 2047 1321 2092 totis
1372 2047 1546 2104 causis,
1601 2061 1726 2106 quae
1773 2048 1889 2093 sunt

125 2115 184 2158 11
212 2116 470 2175 simplices,
512 2119 559 2163 et
597 2118 647 2162 in
690 2118 1074 2177 quaestionibus.
1115 2134 1227 2164 nam
1262 2122 1310 2165 et
1341 2119 1431 2165 hae
1463 2119 1675 2180 primam
1705 2119 1889 2166 habent

211 2191 620 2249 propositionem:
663 2186 994 2254 ‘sacrilegium
1034 2189 1340 2240 commisisti'
1386 2189 1501 2239 ‘non
1542 2192 1764 2253 quisquis
1803 2192 1886 2239 ho-

211 2263 394 2308 minem
435 2262 628 2323 occidit,
670 2265 830 2312 caedis
871 2261 1102 2325 tenetur',
1143 2265 1314 2312 deinde
1354 2266 1592 2313 rationem
1629 2260 1736 2331 (sed
1766 2267 1886 2313 haec

213 2338 287 2382 est
326 2336 375 2382 in
417 2338 574 2383 causis
616 2339 665 2384 et
706 2339 991 2398 quaestione
1031 2339 1225 2402 longior
1265 2356 1412 2400 quam
1458 2342 1508 2386 in
1557 2340 1763 2402 singulis
1810 2355 1883 2386 ar—
1910 2355 1954 2386 30

329 2496 353 2532 2
387 2491 447 2534 ib.
484 2497 522 2544 1,
557 2497 625 2545 34,
660 2496 714 2534 58
748 2507 834 2547 sqq

332 2629 352 2665 1
389 2625 607 2667 accedere
640 2626 705 2668 vel
739 2625 968 2668 accenseri
999 2627 1167 2681 Zumpt
1294 2630 1318 2667 2
1354 2625 1636 2668 adcurantur
1670 2626 1766 2670 Cic:
1807 2626 1887 2668 ad-

211 2682 529 2738 gubernantur
560 2692 595 2724 A
630 2683 947 2739 gubernantur
976 2692 1065 2726 BP
1272 2689 1295 2726 6
1331 2698 1433 2726 cum
1477 2685 1630 2728 Valla:
1661 2685 1707 2726 in

215 2746 265 2782 11
302 2741 443 2783 aliam
477 2742 575 2785 Cic:
606 2743 700 2785 iam
883 2747 935 2785 13
968 2743 1018 2784 id
1048 2743 1190 2786 infert
1225 2744 1322 2787 Cic:
1360 2743 1409 2785 id
1441 2742 1531 2786 fert
1561 2751 1645 2785 AB
1673 2743 1814 2785 infert
1847 2751 1892 2785 P

334 2806 386 2842 15
414 2801 684 2843 conduxerit
710 2809 753 2843 P
777 2804 782 2856 Ι
809 2802 1175 2857 propositionem
1201 2801 1274 2844 T2:
1310 2815 1461 2856 expos.
1487 2810 1616 2844 ABP
1726 2806 1779 2844 19
1806 2802 1886 2844 ad-

210 2858 522 2917 ministratur]
553 2860 730 2916 regitur
763 2860 825 2902 Ρ2
853 2863 857 2916 Ι
887 2860 1078 2904 consilio
1111 2886 1166 2892 —
1201 2861 1551 2904 administratur
1582 2875 1652 2905 om
1681 2861 1827 2903 ABP¹
