2055 3130
135 861 198 905 29

221 64 329 115 292
730 60 1104 114 QVINTILIANI
1133 59 1282 104 INST.
1317 61 1409 104 OR.

219 202 310 250 bus
349 200 768 263 propositionibus
806 201 1001 258 iunctis,
1041 202 1097 246 ut
1133 214 1222 260 pro
1262 198 1478 245 Vareno:
1520 195 1651 247 ‘cum
1682 199 1775 246 iter
1805 215 1892 260 per

221 290 366 338 agros
406 277 455 321 et
491 275 600 321 loca
646 274 751 320 sola
797 273 981 320 faceret
1031 287 1139 319 cum
1192 271 1507 332 Pompuleno,
1552 272 1603 318 in
1650 272 1892 319 familiam

221 348 586 395 Ancharianam
622 346 852 393 incidisse
891 345 1131 404 dixerunt,
1172 345 1344 392 deinde
1375 345 1736 405 Pompulenum
1768 346 1891 392 occi-

222 438 328 469 sum
369 436 486 479 esse,
535 421 649 467 ilico
696 419 948 466 Varenum
997 419 1217 466 vinctum
1267 418 1600 477 adservatum,
1653 418 1765 464 dum
1812 419 1892 465 hic

222 494 514 552 ostenderet,
567 492 684 553 quid
723 492 782 539 de
822 508 877 539 eo
915 491 1023 538 fieri
1061 486 1242 539 vellet.'
1291 491 1423 552 quod
1460 491 1660 552 prodest
1705 492 1890 552 utique,

222 570 263 615 si
302 569 395 614 erit
432 566 731 614 incredibilis
770 567 842 612 rei
881 565 998 612 ordo
1040 568 1089 612 et
1127 566 1235 625 ipsa
1275 564 1577 624 expositione
1616 564 1762 611 fidem
1785 581 1891 625 per-

222 641 426 688 diturus.
467 641 666 686 interim
703 655 791 700 per
829 640 994 700 partes
1036 638 1336 696 dissolvitur,
1376 638 1506 698 quod
1547 639 1777 685 contextu
1808 653 1892 685 110-

222 716 312 773 cet,
352 717 401 760 et
438 714 726 774 plerumque
766 712 818 758 id
858 715 931 758 est
977 714 1146 758 tutius.
1196 711 1436 771 quaedam
1483 710 1891 759 contradictiones

220 790 401 835 natura
439 789 555 833 sunt
594 786 838 848 singulae:
878 785 930 831 id
969 785 1200 845 exemplis
1241 800 1338 831 non
1378 786 1500 847 eget.

337 860 626 907 Communia
664 859 785 906 bene
827 858 1198 919 adprenduntur
1236 873 1333 905 non
1372 860 1583 916 tantum,
1623 858 1738 918 quia
1771 857 1891 904 utri·

221 949 375 996 usque
429 938 546 981 sunt
599 934 778 994 partis,
834 932 918 979 sed
973 933 1087 992 quia
1139 931 1250 992 plus
1304 935 1511 992 prosunt
1565 931 1892 992 respondenti.

224 1024 381 1068 neque
421 1007 551 1054 enim
589 1006 791 1069 pigebit,
833 1005 962 1066 quod
1002 1021 1145 1065 saepe
1177 1005 1358 1064 monui,
1397 1005 1601 1051 referre:
1641 1020 1893 1052 commune

134 1089 198 1134 30
225 1083 309 1141 qui
356 1082 491 1142 prior
538 1080 679 1139 dicit,
728 1079 1026 1126 contrarium
1074 1079 1207 1125 facit.
1276 1081 1349 1125 est
1399 1079 1526 1124 enim
1579 1079 1894 1137 contrarium,

224 1170 319 1215 quo
360 1154 666 1201 adversarius
705 1153 826 1200 bene
865 1154 941 1199 uti
979 1155 1164 1214 potest:
1207 1148 1278 1198 ‘at
1319 1151 1447 1197 enim
1478 1167 1572 1198 non
1607 1153 1711 1198 veri
1735 1152 1893 1198 simile

224 1230 310 1288 est,
359 1231 554 1274 tantum
608 1227 763 1274 scelus
814 1226 877 1272 M.
934 1225 1129 1272 Cottam
1185 1241 1285 1273 esse
1337 1228 1678 1271 commentum.
1741 1222 1893 1285 quid?

223 1302 314 1348 hoc
353 1303 458 1348 veri
489 1301 647 1348 simile
673 1304 760 1358 est,
800 1301 995 1346 tantum
1033 1299 1190 1346 scelus
1224 1298 1437 1359 Oppium
1470 1314 1571 1346 esse
1612 1293 1891 1346 conatum?

225 1374 427 1422 artificis
479 1377 647 1421 autem
698 1378 772 1421 est
820 1373 1038 1419 invenire
1088 1374 1139 1419 in
1191 1375 1381 1419 actione
1437 1372 1718 1430 adversarii,
1772 1387 1894 1432 quae

224 1449 352 1495 inter
391 1451 543 1495 semet
589 1448 699 1508 ipsa
751 1450 975 1509 pugnent
1026 1449 1112 1492 aut
1167 1461 1386 1508 pugnare
1445 1446 1714 1506 videantur,
1770 1459 1895 1505 quae

225 1521 491 1582 aliquando
555 1538 610 1568 ex
662 1520 804 1567 rebus
862 1521 983 1580 ipsis
1034 1519 1299 1566 manifesta
1355 1522 1482 1577 sunt,
1536 1521 1592 1566 ut
1644 1520 1696 1564 in
1750 1533 1896 1565 causa

227 1594 457 1642 Caeliana
499 1594 669 1642 Clodia
711 1610 883 1640 aurum
924 1609 972 1640 se
1014 1592 1178 1640 Caelio
1219 1592 1550 1640 commodasse
1590 1592 1725 1650 dicit,
1766 1591 1896 1652 quod

224 1671 419 1732 signum
458 1684 667 1730 magnae
707 1667 1060 1714 familiaritatis
1102 1670 1189 1725 est,
1240 1682 1479 1713 venenum
1519 1666 1613 1713 sibi
1652 1668 1896 1727 paratum,

135 1751 196 1795 31
225 1743 355 1803 quod
387 1743 562 1789 summi
595 1742 695 1788 odii
735 1744 1075 1803 argumentum
1118 1743 1202 1787 est.
1244 1740 1433 1787 Tubero
1465 1739 1720 1802 Ligarium
1758 1754 1897 1786 accu-

225 1819 315 1875 sat,
357 1816 489 1877 quod
528 1817 569 1862 is
608 1817 658 1862 in
697 1815 868 1862 Africa
900 1815 1061 1872 fuerit,
1103 1816 1151 1861 et
1184 1814 1418 1874 queritur,
1459 1813 1587 1874 quod
1613 1813 1672 1860 ab
1706 1828 1760 1860 eo
1793 1813 1896 1873 ipse

225 1892 276 1936 in
316 1890 536 1936 Africam
574 1905 671 1936 non
711 1889 777 1936 sit
817 1888 1071 1936 admissus.
1114 1887 1379 1948 aliquando
1411 1903 1525 1934 vero
1559 1887 1761 1947 praebet
1792 1886 1894 1934 eius

226 1964 295 2010 rei
357 1965 661 2011 occasionem
723 1963 884 2009 minus
947 1960 1251 2009 considerata
1308 1977 1363 2007 ex
1426 1961 1628 2008 adverso
1692 1960 1896 2007 dicentis
1921 1998 1938 2008 ..

226 2038 406 2084 oratio:
453 2036 582 2097 quod
632 2035 810 2083 accidit
863 2036 1122 2096 praecipue
1178 2034 1365 2095 cupidis
1421 2035 1786 2094 sententiarum,
1841 2038 1896 2079 ut

226 2111 362 2158 ducti
400 2111 650 2157 occasione
692 2109 884 2156 dicendi
915 2125 1013 2156 non
1045 2109 1324 2168 respiciant,
1366 2108 1486 2168 quid
1518 2107 1741 2166 dixerint,
1782 2107 1897 2154 dum

137 2184 389 2231 3210611111
428 2187 748 2245 praesentem,
788 2199 886 2230 non
917 2186 1074 2229 totam
1107 2197 1302 2229 causam
1336 2183 1604 2228 intuentur.
1645 2180 1763 2241 quid
1794 2184 1898 2226 tam

225 2258 383 2305 videri
420 2261 583 2319 potest
622 2261 792 2304 contra
832 2256 1109 2303 Cluentium
1151 2271 1299 2316 quam
1340 2255 1557 2303 censoria
1589 2252 1738 2301 nota?
1779 2253 1897 2315 quid

226 2336 328 2378 tam
385 2335 554 2378 contra
609 2330 826 2390 eundem,
883 2345 1030 2390 quam
1084 2329 1239 2375 filium
1295 2326 1364 2375 ab'
1410 2329 1623 2391 Egnatio
1678 2328 1897 2388 corrupti

224 2405 410 2462 iudicii,
451 2421 545 2465 quo
589 2403 838 2451 Cluentius
881 2402 1206 2464 Oppianicum
1246 2403 1655 2460 circumvenisset,
1695 2401 1895 2448 crimine

348 2573 900 2629 111Α.Π5Μ.--14Ρ.
925 2572 1894 2628 OppiofrA.HI3M.-20013—2203

348 2741 369 2778 1
402 2735 827 2792 praepositionibus
859 2743 942 2777 AB
1076 2741 1100 2777 5
1132 2734 1323 2790 prodest
1356 2734 1544 2777 Becher:
1584 2736 1653 2775 est
1792 2737 1817 2776 8
1851 2733 1898 2775 et

227 2809 295 2838 om
328 2802 411 2836 ΑΡ
581 2799 633 2837 18
666 2795 807 2852 inter]
841 2797 998 2836 contra
1032 2802 1067 2835 A
1248 2798 1300 2836 21
1335 2792 1536 2849 signum]
1570 2792 1712 2834 etiam
1742 2800 1779 2833 A

230 2859 284 2896 24
316 2866 419 2896 vero
452 2868 520 2897 om
553 2861 589 2894 A

1918 875 1960 906 10
2032 899 2040 906 ,

1920 1242 1961 1273 15

1921 1610 1963 1641 20

1921 2345 1963 2376 30
