2007 3120
778 52 811 95 Ι.
861 57 900 106 6,
935 58 1124 97 26—37.
1728 55 1799 106 45

103 196 396 257 fatigantur,
437 210 563 255 quae
602 193 752 240 verba
790 194 1000 254 paulum
1051 194 1298 242 declinata
1353 198 1490 243 varie
1539 200 1586 242 et
1632 195 1801 242 multi-

104 271 303 331 pliciter
342 268 404 315 ad
443 269 708 315 veritatem
745 267 986 314 reducunt
1026 271 1113 315 aut
1154 271 1392 332 correptis
1427 274 1512 317 aut
1545 271 1800 331 porrectis,

106 347 192 391 aut
243 343 447 390 adiectis
501 344 588 388 aut
636 342 885 401 detractis,
938 345 1025 389 aut
1071 346 1368 404 permutatis
1419 345 1602 391 litteris
1653 343 1802 404 sylla—

104 418 256 466 bisve.
325 417 439 463 inde
487 418 654 478 pravis
702 416 914 479 ingeniis
965 416 1028 462 ad
1066 417 1353 465 foedissima
1390 434 1545 480 usque
1585 417 1802 464 ludibria

60 515 80 544 5
105 492 355 539 labuntur.
397 492 463 538 sit
503 492 635 538 enim
677 486 885 537 ‘consul'
929 506 957 536 a
999 492 1296 540 consulendo
1336 493 1417 539 vel
1458 509 1486 539 a
1517 492 1802 539 iudica-ndo:

105 583 221 614 nam
273 569 320 612 et
370 565 463 612 hoc
505 561 797 612 cconsulere'
847 567 1037 612 veteres
1091 570 1407 627 vocaverunt,
1462 567 1590 613 unde
1644 566 1804 613 adhuc

104 642 328 688 remanet
359 639 485 685 illud
512 636 676 701 ‘rogat
707 639 826 686 boni
858 636 1119 700 consulas',
1156 640 1207 686 id
1240 643 1314 688 est
1340 637 1542 688 ‘bonum
1573 635 1803 688 iudices':

108 710 338 762 ‘senatui’
383 714 571 760 dederit
610 729 790 760 nomen
831 716 982 775 aetas,
1030 730 1145 760 nam
1185 715 1317 762 idem
1355 719 1521 777 patres
1564 718 1703 763 sunt:
1757 716 1805 761 et
1830 716 1894 760 33

0 798 2 866 J
108 786 211 836 ‘rex
264 784 442 836 rector'
502 791 550 835 et
605 788 705 834 alia
758 789 976 849 plurima
1029 789 1334 836 indubitata:
1397 805 1486 837 nec
1549 789 1805 836 abnuerim

39 884 82 916 10
105 864 303 926 tegulae
348 863 648 925 regulaeque
696 865 743 909 et
792 862 1031 909 similium
1069 863 1145 911 his
1193 864 1459 911 rationem:
1509 866 1612 910 iam
1652 865 1717 911 sit
1758 866 1806 910 et

109 933 320 985 ‘classis'
365 954 393 984 a
441 937 649 985 calando
699 939 747 983 et
798 932 956 997 ‘lepus
997 934 1202 999 levipes’
1247 941 1295 985 et
1337 935 1530 1000 ‘vulpes
1572 934 1804 999 volipes':

108 1014 323 1059 etiamne
365 1028 394 1059 a
427 1012 687 1058 contrariis
722 1011 892 1072 aliqua
925 1013 1141 1059 sinemus
1175 1013 1321 1073 trahi,
1362 1017 1417 1060 ut
1453 1009 1646 1072 ‘lucus',
1689 1013 1807 1073 quia
1832 1012 1896 1058 34

105 1086 283 1133 umbra
329 1101 511 1147 opacus
557 1102 736 1147 parum
782 1086 959 1146 luceat,
1010 1089 1059 1133 et
1109 1083 1307 1146 ‘ludus',
1362 1089 1477 1148 quia
1519 1087 1583 1135 sit
1622 1087 1808 1149 longis-

108 1163 230 1209 sime
272 1177 301 1207 a
339 1161 466 1220 lusa,
507 1163 557 1207 et
600 1156 788 1219 ‘Ditis’,
829 1160 946 1221 quia
985 1161 1188 1208 minime
1229 1161 1399 1209 dives?
1449 1164 1662 1209 etiamne
1705 1158 1807 1208 ‘ho-

41 1255 82 1287 15
107 1231 309 1282 minem’
361 1235 620 1296 appellari,
673 1235 790 1295 quia
838 1237 901 1282 sit
947 1236 1097 1283 humo
1144 1239 1306 1295 natus,
1357 1237 1499 1297 quasi
1546 1252 1662 1283 vero
1710 1252 1809 1283 non

110 1309 335 1357 omnibus
384 1309 681 1356 animalibus
730 1309 900 1356 eadem
940 1310 1092 1372 origo,
1142 1312 1229 1357 aut
1266 1311 1346 1358 illi
1383 1311 1535 1372 primi
1573 1310 1809 1357 mortales

110 1387 224 1431 ante
270 1400 449 1431 nomen
495 1385 805 1445 imposuerint
853 1388 1013 1431 terrae
1064 1401 1214 1446 quam
1262 1385 1368 1445 sibi,
1418 1388 1467 1432 et
1517 1381 1702 1432 ‘verba’
1748 1384 1808 1431 ab

111 1463 220 1505 aere
260 1456 554 1506 verberato?
616 1473 900 1521 pergamus:
951 1459 1020 1506 sic
1059 1461 1402 1520 perveniemus
1446 1476 1501 1507 eo
1541 1475 1712 1521 usque,
1752 1462 1809 1506 ut
1834 1461 1897 1505 35

112 1530 294 1580 ‘stella'
329 1533 532 1580 luminis
566 1533 701 1580 stilla
735 1534 977 1592 credatur,
1019 1536 1158 1581 cuius
1193 1534 1523 1597 etymologiae
1559 1537 1811 1582 auctorem

44 1628 86 1660 20
112 1608 302 1655 clarum
348 1623 464 1655 sane
512 1609 565 1653 in
611 1608 794 1655 litteris
835 1609 1082 1655 nominari
1128 1610 1181 1654 in
1223 1625 1279 1655 ea
1318 1617 1476 1670 parte,
1527 1624 1623 1670 qua
1665 1624 1693 1654 a
1732 1624 1810 1655 me

109 1682 437 1743 reprenditur,
477 1682 804 1728 inhumanum
845 1686 931 1730 est.
974 1685 1059 1744 qui
1091 1699 1206 1730 vero
1240 1684 1364 1730 talia
1395 1683 1536 1730 libris
1570 1683 1811 1744 complexi
1836 1685 1900 1729 36

112 1759 249 1816 sunt,
299 1756 499 1804 nomina
551 1773 641 1804 sua
691 1756 789 1817 ipsi
837 1757 1217 1818 inscripserunt,
1268 1760 1622 1821 ingenioseque
1674 1759 1811 1804 visus

113 1834 187 1878 est
235 1829 419 1878 Gavius
469 1827 717 1878 ‘caelibes'
768 1831 928 1878 dicere
974 1833 1132 1878 veluti
1181 1828 1437 1891 ‘caelites’,
1487 1832 1620 1894 quod
1668 1848 1812 1879 onere

112 1905 406 1968 gravissimo
446 1909 641 1965 vacent,
681 1905 828 1966 idque
864 1905 1052 1953 Graeco
1087 1910 1378 1968 argumento
1411 1908 1562 1953 iuvit:
1610 1904 1812 1968 ἠϊθέους

46 2000 87 2031 25
113 1980 244 2027 enim
284 1980 454 2028 eadem
495 1979 552 2026 de
594 1995 742 2027 causa
782 1979 881 2026 dici
914 1980 1157 2028 adfirmat.
1197 1997 1287 2029 nec
1320 1983 1366 2028 ei
1398 1981 1526 2028 cedit
1558 1981 1811 2029 Modestus

112 2055 419 2101 inventione:
459 2070 589 2114 nam,
632 2057 749 2115 quia
791 2054 937 2102 Caelo
972 2054 1215 2103 Saturnus
1255 2057 1495 2118 genitalia
1536 2055 1814 2114 absciderit,

112 2129 205 2176 hoc
235 2130 433 2175 nomine
467 2130 758 2189 appellatos,
791 2129 879 2190 qui
909 2146 1058 2177 uxore
1089 2134 1303 2190 careant,
1338 2132 1431 2191 ait,
1463 2130 1634 2178 Aelius
1664 2127 1811 2192 ‘pitu-

113 2199 274 2263 itam',
323 2205 440 2264 quia
478 2206 619 2264 petat
657 2206 828 2250 vitam.
901 2204 984 2252 sed
1024 2206 1106 2252 cui
1143 2221 1242 2252 non
1281 2208 1395 2266 post
1434 2205 1709 2252 Varronem
1749 2206 1812 2252 sit
1838 2207 1899 2251 37

114 2276 294 2325 venia?
358 2278 442 2338 qui
484 2273 711 2341 ‘agrum’,
760 2280 877 2339 quia
923 2281 976 2325 in
1025 2295 1080 2326 eo
1122 2284 1302 2342 agatur
1343 2280 1544 2341 aliquid,
1594 2281 1642 2326 et
1684 2276 1811 2341 ‘gra-

48 2372 91 2404 30
117 2348 294 2416 gulos',
339 2353 457 2413 quia
500 2354 747 2415 gregatim
794 2353 986 2413 volent,
1033 2354 1189 2402 dictos
1245 2353 1470 2402 Ciceroni
1516 2353 1810 2415 persuadere

238 2513 292 2551 28
326 2509 394 2552 De
425 2509 455 2552 1.
489 2509 589 2553 Lat.
624 2514 664 2562 5,
700 2514 739 2563 6,
774 2514 829 2552 34
863 2537 918 2541 —
952 2514 1008 2553 30
1040 2510 1102 2553 ib.
1138 2516 1178 2563 5,
1214 2516 1282 2563 11,
1319 2515 1372 2554 76

238 2649 261 2686 1
297 2644 436 2701 quae]
481 2644 562 2699 qui
596 2645 769 2699 Reqius
804 2647 809 2698 Ι
848 2644 989 2688 verba
1022 2659 1092 2688 om
1124 2653 1162 2687 A
1198 2650 1203 2703 Ι
1242 2645 1491 2701 paululum
1523 2653 1561 2686 A
1685 2649 1710 2687 8
1746 2645 1810 2702 et]

118 2702 181 2745 sit
213 2703 375 2760 Meyer
528 2709 580 2746 12
623 2705 767 2747 etiam
808 2718 834 2746 a
875 2705 1120 2747 contrariis
1154 2713 1199 2747 Ρ
1243 2705 1386 2748 etiam
1420 2719 1474 2748 ea
1506 2705 1815 2761 interpraeta-

117 2762 296 2804 tionem
326 2764 503 2806 rectam
543 2764 829 2818 sequendam
861 2764 1223 2819 improbandam
1255 2765 1539 2808 contrariam
1572 2778 1599 2806 a
1633 2766 1814 2807 contra-

118 2821 202 2864 riis
233 2830 272 2862 Α
380 2827 434 2864 23
469 2823 642 2866 Gavius
674 2832 736 2866 B:
773 2823 995 2866 Gavinius
1028 2832 1113 2866 ΑΡ
1210 2829 1267 2867 24
1299 2826 1468 2867 vacant
1499 2831 1545 2866 B
1644 2828 1698 2866 25
1734 2823 1815 2865 ad-

119 2880 307 2924 firmant
337 2883 446 2925 ΒΡ1
478 2881 589 2938 (aff.)
714 2887 767 2926 29
802 2883 1017 2940 graculos
1048 2892 1095 2926 B
