2055 3130
254 66 364 117 282
766 64 1139 117 QVINTILIANI
1168 65 1317 109 INST.
1351 64 1443 109 ΟΒ.

681 211 779 268 [DE
813 211 928 254 USU
959 210 1509 270 ARGUMENTORUM.]

195 329 224 373 1
369 321 477 368 XII.
517 321 650 368 Haec
687 320 788 367 fere
828 320 886 367 de
925 320 1212 382 probatione
1259 323 1338 369 vel
1378 321 1437 368 ab
1479 322 1588 368 aliis
1627 322 1813 369 tradita
1851 323 1929 370 vel

254 410 346 441 usu
384 396 616 455 percepta
655 394 706 439 in
745 393 835 440 hoc
874 395 1066 455 tempus
1106 394 1329 441 sciebam.
1378 411 1532 455 neque
1581 395 1700 441 mihi
1751 395 1929 442 fiducia

255 471 342 528 est,
389 473 444 514 ut
493 483 549 514 ea
601 468 705 514 sola
757 482 860 514 esse
907 467 1210 527 contendam,
1263 469 1382 528 quin
1435 469 1584 515 immo
1645 468 1813 515 hortor
1867 469 1928 515 ad

254 540 587 603 quaerendum
627 542 674 587 et
711 541 924 587 inveniri
962 555 1102 600 posse
1141 541 1323 588 fateor:
1366 556 1490 601 quae
1529 543 1696 589 tamen
1736 541 1928 589 adiecta

253 614 452 673 fuerint,
491 629 588 660 non
628 614 838 660 multum
878 613 938 660 ab
978 613 1052 660 his
1103 613 1448 661 abhorrebunt.
1519 630 1645 661 nunc
1698 615 1927 675 breviter,

256 703 398 748 quem
440 687 502 733 ad
541 687 739 733 modum
779 688 844 734 sit
882 687 1119 733 utendum
1157 688 1234 746 iis,
1274 687 1579 750 subiungam.

190 768 224 810 2
369 760 622 807 Traditum
686 761 786 807 fere
850 763 923 807 est
984 763 1327 823 argumentum
1383 764 1605 821 oportere
1662 777 1761 809 esse
1817 776 1927 808 con·

254 835 457 893 fessum,
498 833 656 880 dubiis
697 835 826 880 enim
865 833 1066 894 probari
1104 833 1252 880 dubia
1286 836 1369 895 qui
1409 832 1647 895 possunt?
1688 835 1928 895 quaedam

252 910 440 966 tamen,
481 922 606 967 quae
656 908 708 952 in
761 907 961 954 alterius
1012 907 1084 953 rei
1137 907 1478 967 probationem
1532 908 1765 968 ducimus,
1819 910 1929 970 ipsa

252 980 507 1042 probanda
540 983 665 1027 sunt.
708 976 949 1028 ‘occidisti
981 982 1162 1039 virum,
1205 996 1310 1028 eras
1337 981 1464 1028 enim
1491 977 1750 1028 adultera'.
1791 984 1926 1042 prius

252 1055 310 1101 de
352 1054 594 1101 adulterio
635 1053 1019 1100 convincendum
1060 1056 1146 1113 est,
1185 1056 1256 1112 ut,
1309 1070 1417 1101 cum
1465 1054 1516 1100 id
1564 1055 1778 1115 coeperit
1825 1070 1927 1102 esse

251 1143 341 1189 pro
382 1129 528 1189 certo,
582 1127 670 1174 fiat
723 1127 899 1174 incerti
945 1130 1303 1189 argumentum.
1367 1124 1628 1188 ‘spiculum
1682 1132 1823 1175 tuum
1876 1130 1928 1175 in

254 1217 452 1262 corpore
494 1201 640 1248 occisi
678 1202 932 1247 inventum
986 1196 1090 1247 est’.
1140 1204 1289 1264 negat
1336 1216 1498 1248 suum:
1545 1205 1601 1247 ut
1648 1201 1928 1262 probationi

188 1280 223 1324 3
256 1274 427 1336 prosit,
466 1274 773 1336 probandum
814 1277 900 1320 est.
940 1274 1065 1320 illud
1103 1275 1194 1321 hoc
1234 1275 1338 1321 loco
1380 1290 1575 1321 monere
1608 1275 1736 1322 inter
1766 1290 1927 1322 neces-

255 1350 386 1396 saria
427 1351 514 1407 est,
554 1347 694 1394 nulla
734 1362 835 1394 esse
874 1347 1104 1405 firmiora,
1146 1363 1292 1407 quam
1334 1363 1457 1408 quae
1499 1364 1555 1394 ex
1595 1348 1754 1395 dubiis
1795 1349 1929 1396 facta

252 1425 368 1470 sunt
408 1424 553 1468 certa.
597 1418 786 1468 ‘ca-edes
828 1437 855 1467 a
893 1424 942 1468 te
995 1423 1251 1468 commissa
1301 1426 1392 1468 est:
1442 1425 1695 1468 cruentam
1744 1424 1928 1470 vestem

252 1491 487 1543 habuisti'
530 1511 626 1542 non
659 1497 731 1542 est
763 1497 865 1541 tam
899 1510 1046 1557 grave
1081 1498 1439 1556 argumentum,
1479 1497 1520 1542 si
1551 1495 1748 1555 fatetur,
1783 1511 1928 1556 quam

251 1571 297 1616 si
336 1569 654 1617 convincitur.
707 1583 822 1614 nam
873 1570 915 1615 si
965 1568 1160 1627 fatetur,
1213 1569 1382 1615 multis
1439 1585 1494 1615 ex
1551 1570 1710 1616 causis
1763 1571 1929 1630 potuit

251 1644 456 1690 cruenta
495 1657 596 1689 esse
636 1643 809 1689 vestis:
851 1642 890 1687 si
930 1643 1097 1705 negat,
1146 1642 1224 1688 hic
1273 1657 1445 1689 causae
1487 1642 1734 1689 cardinem
1773 1644 1927 1704 ponit,

250 1718 304 1763 in
345 1731 441 1776 quo
483 1717 523 1762 si
562 1717 719 1762 victus
772 1716 935 1772 fuerit,
984 1717 1134 1761 etiam
1188 1718 1238 1761 in
1294 1716 1607 1776 sequentibus
1661 1716 1774 1764 ruit.
1831 1731 1927 1764 non

252 1790 383 1837 enim
422 1789 619 1836 videtur
642 1791 694 1835 in
726 1788 948 1851 negando
975 1788 1267 1836 mentiturus
1293 1789 1457 1848 fuisse,
1496 1791 1593 1837 nisi
1625 1789 1928 1850 desperasset

252 1863 303 1910 id
343 1878 481 1924 posse
523 1862 731 1921 defendi,
771 1863 813 1909 si
852 1862 1174 1909 confiteretur.

190 1940 223 1984 4
366 1936 684 1983 Firmissimis
733 1938 1134 1998 argumentorum
1184 1936 1389 1998 singulis
1443 1936 1749 1995 instandum,
1795 1936 1927 1983 infir-

253 2012 410 2058 miora
449 2009 791 2073 congreganda
831 2012 956 2068 sunt,
1000 2012 1113 2070 quia
1153 2010 1242 2057 illa
1281 2026 1368 2070 per
1407 2025 1455 2057 se
1490 2011 1638 2057 fortia
1663 2025 1759 2057 non
1785 2025 1925 2071 opor-

253 2086 326 2131 tet
365 2083 792 2131 circumstantibus
834 2083 1108 2142 obscurare,
1159 2086 1216 2130 ut
1256 2084 1424 2144 qualia
1476 2086 1588 2130 sunt
1640 2086 1926 2145 appareant,

189 2163 224 2207 5
256 2158 376 2204 haec
415 2157 642 2204 inbecilla
683 2161 859 2204 natura
900 2160 1068 2203 mutuo
1111 2157 1293 2204 auxilio
1335 2157 1650 2205 sustinentur.
1690 2158 1763 2204 ita
1802 2173 1926 2218 quae

255 2246 352 2278 non
377 2233 583 2292 possunt
615 2230 792 2289 valere,
827 2231 941 2291 quia
966 2246 1146 2292 magna
1172 2234 1298 2289 sunt,
1332 2231 1580 2290 valebunt,
1620 2230 1736 2292 quia
1768 2231 1927 2277 multa

252 2307 384 2364 sunt,
445 2305 614 2364 utique
677 2319 791 2351 vero
853 2304 915 2350 ad
977 2303 1193 2350 eiusdem
1246 2303 1317 2350 rei
1370 2304 1707 2365 probationem
1762 2305 1926 2351 omnia

251 2381 491 2439 spectant.
532 2380 601 2437 ut,
649 2378 690 2424 si
729 2380 837 2438 quis
877 2377 1165 2425 hereditatis
1206 2379 1368 2440 gratia
1406 2378 1652 2425 hominem
1692 2377 1924 2426 occidisse

251 2452 470 2498 dicatur:
514 2447 853 2498 ‘hereditatem
892 2451 1120 2512 sperabas
1162 2454 1210 2498 et
1241 2467 1471 2514 magnam
1505 2451 1838 2510 hereditatem,
1878 2454 1926 2497 et

252 2541 443 2587 pauper
483 2540 588 2572 eras
630 2528 675 2572 et
726 2527 832 2570 tum
880 2526 1089 2571 maxime
1139 2541 1166 2572 a
1213 2525 1533 2572 creditoribus
1581 2524 1926 2586 appellabaris,

253 2602 303 2645 et
343 2598 612 2646 offenderas
654 2614 776 2658 eum,
818 2599 954 2646 cuius
985 2598 1123 2645 heres
1157 2613 1277 2661 eras,
1318 2601 1365 2646 et
1397 2600 1706 2646 mutaturum
1729 2598 1925 2645 tabulas

375 2743 427 2780 27
462 2738 621 2794 itaque
653 2738 691 2781 si
723 2752 814 2780 non
847 2737 973 2780 P²ab
1105 2742 1159 2781 28
1193 2752 1364 2795 magna
1398 2739 1489 2781 sint
1521 2746 1604 2780 AB
1633 2751 1802 2794 magna
1834 2751 1927 2781 non

254 2799 364 2839 sunt
397 2797 457 2839 ΡΞ
485 2801 489 2851 1
520 2798 629 2852 quia
661 2797 809 2839 multa
842 2800 949 2839 sunt
982 2797 1092 2851 (sint
1123 2801 1175 2851 Α)
1209 2812 1275 2840 om
1304 2805 1347 2839 B
1466 2802 1518 2840 29
1552 2797 1712 2852 utique
1736 2810 1841 2840 vero
1867 2805 1922 2839 A:

254 2869 377 2911 quae
409 2863 497 2898 BP
615 2861 668 2899 33
702 2858 749 2898 et
779 2857 964 2900 alterum
1000 2870 1066 2900 om
1102 2864 1137 2897 A

1954 1274 2055 1323 15]

1953 1659 1994 1690 20

1952 2026 1992 2058 25

1951 2395 1993 2426 30
