2007 3120
193 72 264 123 50
688 68 1063 121 QVTNTILIAM
1093 67 1242 110 INST.
1277 67 1369 110 ΟΒ.

195 225 384 270 semper
435 211 492 255 ut
538 207 724 267 Graeci,
778 206 980 268 quidam
1033 206 1348 269 singulariter
1396 207 1605 263 tantum,
1659 220 1769 251 cum
1813 206 1866 251 in

195 284 418 330 dativum
469 282 549 328 vel
606 281 887 343 genetivum
947 294 1112 326 casum
1165 278 1463 337 incidissent,
1515 278 1644 325 unde
1696 274 1867 339 ‘pictai

194 352 362 405 vestis'
407 357 455 401 et
495 350 680 415 ‘aquai'
739 353 987 414 Vergilius
1040 353 1405 399 amantissimus
1454 352 1715 398 vetustatis
1765 365 1865 398 car-

109 431 170 475 19
195 428 407 475 minibus
453 429 672 475 inseruit.
740 427 792 472 in
839 425 1020 473 eisdem
1066 425 1249 486 plurali
1294 439 1494 471 numero
1542 439 1566 470 e
1605 424 1870 471 utebantur

199 499 269 548 ‘hi
301 501 467 562 Syllae
500 496 717 548 Galbae’.
770 502 843 547 est
880 499 933 545 in
970 499 1062 546 hac
1102 514 1296 558 quoque
1335 500 1473 559 parte
1511 496 1694 544 Lucilii
1730 512 1866 558 prae·
1915 514 1934 545 5

198 578 408 637 ceptum,
465 573 594 634 quod
641 575 757 633 quia
801 572 1023 633 pluribus
1071 573 1341 632 explicatur
1386 570 1621 630 versibus,
1673 571 1716 616 si
1761 572 1868 630 quis

110 650 174 694 20
197 664 373 709 parum
420 647 596 704 credet,
644 645 777 707 apud
822 646 983 706 ipsum
1028 647 1080 691 in
1119 660 1248 692 nono
1289 645 1521 705 requirat.
1584 643 1702 704 quid
1741 643 1872 703 quod

201 722 446 769 Ciceronis
501 719 803 781 temporibus
856 719 1154 780 paulumque
1208 718 1359 775 infra,
1413 718 1514 763 fere
1569 716 1794 777 quotiens
1849 731 1870 763 s

199 795 366 842 littera
404 794 565 840 media
603 793 847 840 vocalium
885 793 1144 854 longarum
1182 791 1260 838 vel
1292 790 1509 838 subiecta
1539 790 1700 852 longis
1733 793 1873 849 esset,

200 867 554 932 geminabatur,
594 870 649 913 ut
683 863 915 925 ‘caussae,
949 880 1129 924 cassus,
1161 860 1502 912 divissiones’‘.>
1551 863 1792 924 quomodo
1825 866 1874 910 et
1899 879 1940 910 10

200 943 362 1002 ipsum
394 944 441 988 et
465 940 742 1003 Vergilium
773 954 968 1000 quoque
1001 939 1250 999 scripsisse
1282 952 1455 984 manus
1489 952 1655 983 eorum
1687 937 1872 983 docent.

114 1016 173 1060 21
203 1016 341 1076 atqui
394 1014 600 1075 paulum
653 1013 925 1073 superiores
976 1013 1124 1059 etiam
1173 1011 1315 1070 illud,
1371 1010 1500 1071 quod
1546 1025 1634 1057 nos
1681 1011 1875 1072 gemina

203 1088 408 1135 dicimus
449 1083 623 1146 ‘iussi’,
662 1103 761 1133 una
800 1086 1036 1132 dixerunt.
1092 1087 1192 1132 iam
1234 1081 1466 1145 ‘optimus
1505 1079 1781 1142 maximus',
1819 1086 1876 1129 ut

201 1161 412 1208 mediam
462 1163 479 1206 i
525 1161 759 1217 litteram,
814 1175 937 1220 quae
987 1159 1232 1205 veteribus
1279 1175 1311 1204 u
1358 1158 1532 1214 fuerat,
1587 1158 1874 1217 acciperent,

116 1236 178 1279 22
206 1233 299 1282 Gai
337 1236 546 1295 primum
592 1233 813 1280 Caesaris
852 1234 1169 1294 inscriptione
1208 1232 1423 1278 traditur
1461 1231 1658 1278 factum.
1723 1226 1873 1277 ‘here’
1902 1246 1942 1277 15

204 1324 331 1355 nunc
372 1324 396 1354 e
435 1308 601 1354 littera
640 1308 984 1353 terminamus:
1037 1310 1087 1352 at
1126 1309 1347 1352 veterum
1387 1306 1680 1350 comicorum
1720 1303 1877 1361 adhuc

206 1382 345 1428 libris
380 1381 574 1427 invenio
624 1377 746 1426 ‘heri
787 1380 848 1426 ad
885 1396 962 1426 me
1000 1375 1170 1437 venit’,
1227 1378 1355 1440 quod
1394 1378 1525 1423 idem
1563 1377 1615 1423 in
1655 1377 1878 1437 epistulis

206 1456 434 1517 Augusti,
482 1469 602 1515 quas
643 1469 731 1500 sua
776 1469 926 1500 manu
973 1454 1167 1512 scripsit
1216 1454 1301 1498 aut
1347 1450 1638 1508 emendavit,
1678 1450 1877 1511 depren-

119 1529 180 1573 23
208 1529 354 1575 ditur.
397 1526 546 1588 quid‘?
585 1543 678 1573 non
716 1526 837 1573 Cato
873 1525 1128 1573 Censorius
1171 1519 1367 1572 ‘dicam'
1402 1527 1449 1571 et
1483 1519 1697 1570 ‘faciam'
1735 1518 1877 1570 ‘dice’

209 1607 257 1648 et
309 1597 469 1648 ‘facie’
523 1602 719 1661 scripsit
772 1600 1072 1660 eundemque
1125 1601 1178 1645 in
1233 1599 1418 1657 ceteris,
1475 1612 1598 1658 quae
1653 1597 1880 1644 similiter
1906 1613 1946 1644 20

209 1675 401 1734 cadunt,
450 1675 647 1721 modum
693 1672 887 1720 tenuit?
947 1673 1078 1734 quod
1125 1675 1173 1719 et
1221 1688 1276 1718 ex
1315 1671 1562 1718 veteribus
1602 1672 1704 1717 eius
1743 1670 1880 1716 libris

209 1750 527 1796 manifestum
569 1751 642 1795 est
682 1750 731 1794 et
763 1763 791 1793 a
823 1747 1033 1794 Messala
1063 1747 1111 1792 in
1147 1746 1273 1792 libro
1306 1745 1364 1791 de
1399 1761 1419 1792 s
1450 1745 1618 1791 littera
1648 1745 1879 1805 positum.

122 1822 184 1867 24
212 1817 351 1869 ‘sibe’
394 1825 442 1868 et
483 1816 670 1882 ‘quase’
711 1821 947 1881 scriptum
986 1822 1039 1866 in
1078 1820 1345 1865 multorum
1384 1818 1523 1865 libris
1563 1820 1650 1879 est,
1697 1817 1780 1863 sed
1819 1832 1883 1863 an

210 1897 301 1942 hoc
340 1896 585 1942 voluerint
625 1898 849 1941 auctores
888 1895 1072 1941 nescio:
1112 1894 1164 1938 T.
1191 1892 1388 1939 Livium
1426 1893 1498 1937 ita
1536 1891 1611 1937 his
1650 1906 1794 1937 usum
1827 1906 1882 1937 ex

210 1969 426 2015 Pediano
467 1969 694 2029 comperi,
736 1968 819 2028 qui
859 1970 906 2013 et
944 1969 1048 2028 ipse
1088 1983 1197 2013 eum
1237 1965 1542 2026 sequebatur.
1595 1965 1713 2011 haec
1746 1979 1834 2011 nos
1864 1963 1884 2009 i
1909 1980 1948 2010 25
1981 1979 1987 2019 ξ

124 2044 185 2087 25
210 2044 377 2089 littera
417 2041 627 2087 finimus.
669 2042 789 2102 quid
829 2041 986 2087 dicam
1021 2036 1266 2087 ‘vortices'
1303 2042 1349 2086 et
1383 2034 1591 2085 ‘vorsus’
1627 2040 1883 2098 ceteraque

214 2116 275 2162 ad
316 2116 519 2162 eundem
571 2115 782 2174 modum,
840 2129 962 2174 quae
1013 2115 1199 2174 primus
1249 2112 1411 2173 Scipio
1451 2112 1713 2158 Africanus
1759 2111 1810 2156 in
1858 2126 1882 2157 e

126 2190 188 2234 26
213 2190 432 2236 litteram
486 2188 745 2236 secundam
799 2189 1001 2234 vertisse
1057 2185 1268 2233 dicitur?
1338 2187 1493 2232 nostri
1546 2186 1883 2245 praeceptores

217 2260 429 2310 ‘seruum
455 2258 767 2322 ceruumque’
795 2278 827 2307 u
854 2264 901 2307 et
926 2277 953 2308 o
976 2261 1156 2307 litteris
1182 2261 1493 2320 scripserunt,
1526 2259 1642 2319 quia
1666 2257 1885 2305 subiecta

333 2423 357 2459 3
400 2420 511 2459 Aen.
547 2421 586 2470 9,
620 2421 674 2458 ‘26
716 2419 761 2458 et
803 2420 839 2465 7,
874 2419 958 2457 464
1005 2441 1061 2446 —
1109 2421 1133 2456 ὃ
1167 2414 1251 2470 frg.
1295 2417 1376 2455 371
1411 2412 1469 2454 M.
1513 2439 1567 2443 --
1610 2417 1661 2454 17
1703 2412 1883 2454 Terent.

216 2476 398 2518 Phorm.
435 2481 472 2529 1,
508 2480 546 2529 1,
580 2480 604 2517 2
640 2501 692 2506 —
729 2479 781 2516 18
816 2474 998 2516 Sueton.
1032 2474 1149 2529 Aug.
1185 2477 1258 2515 71:
1295 2471 1438 2527 Calig.
1473 2475 1497 2513 8

338 2627 361 2664 3
406 2622 565 2679 aquai]
610 2621 736 2663 aulai
771 2629 812 2663 P
928 2626 955 2662 4
997 2621 1044 2662 in
1084 2620 1246 2663 eadem
1287 2620 1382 2675 (scil
1414 2617 1610 2673 syllaba)
1643 2619 1751 2660 Keil

222 2686 244 2723 7
279 2681 437 2723 credat
468 2689 551 2722 ΑΡ
684 2686 736 2722 13
767 2680 863 2722 iam
894 2688 951 2722 A:
986 2679 1126 2722 etiam
1158 2685 1247 2720 BP
1365 2683 1417 2719 15
1450 2676 1749 2731 inscriptione
1780 2683 1884 2718 BP:

219 2740 524 2782 instructione
555 2747 591 2780 Α
715 2743 766 2781 19
801 2738 903 2782 dice
935 2740 981 2781 et
1013 2737 1135 2780 facie
1169 2744 1231 2779 N:
1277 2736 1407 2779 dicae
1440 2739 1486 2778 et
1524 2735 1673 2777 faciae
1705 2742 1751 2777 B
1776 2735 1886 2790 prob

225 2799 356 2842 Gertz
389 2798 489 2840 dice
522 2800 568 2840 et
598 2797 699 2840 face
731 2805 814 2839 ΑΡ
930 2802 982 2838 21
1029 2800 1075 2840 et
1118 2811 1171 2838 ex
1210 2803 1272 2838 B:
1318 2808 1371 2837 ex
1403 2802 1487 2836 ΑΡ
1603 2799 1654 2836 27
1692 2793 1751 2836 ad
1781 2801 1884 2836 BP:

221 2857 269 2899 in
302 2865 337 2898 A
366 2858 370 2912 Ι
398 2857 572 2912 primus
604 2865 660 2899 A:
693 2857 842 2911 primo
873 2863 962 2898 BP
1080 2861 1133 2897 29
1167 2856 1218 2908 cf
1236 2869 1270 2909 p
1302 2858 1371 2906 43,
1407 2858 1457 2895 17
