2055 3130
656 88 731 135 ΠΙ,
768 93 807 141 1,
843 93 1029 131 16—22.
1065 93 1105 141 2,
1139 93 1266 135 1-4.
1704 89 1806 141 131

236 229 349 276 Non
387 230 555 275 tamen
593 231 707 289 post
744 229 823 274 tot
863 242 918 274 ac
956 229 1122 275 tantos
1164 230 1387 275 auctores
1426 228 1618 291 pigebit
1648 245 1810 275 meam
1836 231 1897 274 22

125 302 420 364 quibusdam
451 303 571 350 locis
602 302 824 362 posuisse
858 302 1166 347 sententiam.
1200 317 1358 362 neque
1384 301 1515 347 enim
1545 317 1622 348 me
1649 303 1810 350 cuius-

127 393 276 437 quam
314 378 474 423 sectae
516 377 654 422 velut
703 375 915 435 quadam
963 375 1312 436 superstitione
1359 375 1578 422 imbutus
1630 375 1811 435 addixi,

127 453 176 497 et
215 451 442 497 electuris
499 464 623 510 quae
674 449 846 496 volent
895 448 1121 495 facienda
1174 450 1315 510 copia
1365 449 1474 509 fuit,
1529 449 1657 496 sicut
1706 450 1812 511 ipse

81 542 99 573 5
125 524 343 585 plurium
380 523 433 569 in
472 539 625 569 unum
667 524 864 570 confero
897 522 1112 582 inventa,
1153 523 1451 583 ubicumque
1483 523 1680 585 ingenio
1714 539 1813 570 non

127 600 219 645 erit
257 599 409 657 locus,
452 612 597 644 curae
638 597 980 644 testimonium
1018 599 1253 644 meruisse
1295 599 1566 644 contentus.

526 721 710 779 [QUOD
742 722 985 765 INITIUM
1016 721 1427 780 RHETORICES]

235 819 298 866 H.
353 819 457 865 Nec
513 819 597 865 diu
652 834 739 865 nos
795 821 1016 866 moretur
1071 821 1308 880 quaestio,
1367 835 1490 879 quae
1545 819 1812 866 rhetorices

126 895 294 955 origo
336 895 413 942 sit.
465 909 582 940 nam
621 895 703 940 cui
743 892 948 939 dubium
989 896 1076 951 est,
1129 895 1249 954 quin
1290 909 1562 941 sermonem
1602 893 1662 939 ab
1703 895 1813 954 ipsa

60 986 101 1017 10
124 982 288 1013 rerum
327 969 545 1014 natura
584 967 738 1029 geniti
787 967 1013 1028 protinus
1063 967 1284 1014 homines
1333 968 1609 1028 acceperint
1658 961 1815 1031 (quod

127 1048 255 1088 certe
295 1041 596 1102 principium
637 1044 711 1088 est
751 1043 853 1088 eius
893 1035 1003 1107 rei),
1042 1041 1156 1088 huic
1196 1041 1417 1088 studium
1457 1043 1505 1088 et
1544 1041 1812 1088 incremen-

124 1120 232 1162 tum
272 1115 462 1162 dederit
499 1115 770 1178 utilitas,
821 1131 1063 1162 summam
1101 1117 1261 1162 ratio
1311 1118 1366 1162 et
1414 1113 1814 1163 exercitatio?

125 1205 214 1236 nec
255 1189 410 1250 videO,
452 1205 603 1251 quare
644 1205 814 1236 curam
854 1189 1049 1236 dicendi
1087 1192 1265 1250 putent
1306 1190 1508 1250 quidam
1553 1189 1667 1236 inde
1708 1205 1813 1236 coe·

124 1265 271 1325 pisse,
297 1263 429 1324 quod
451 1264 503 1323 ii,
544 1265 629 1325 qui
653 1264 705 1309 in
738 1263 998 1311 discrimen
1024 1264 1227 1325 aliquod
1249 1264 1568 1323 vocabantur,
1610 1264 1813 1312 adcura-

59 1355 101 1387 15
125 1339 226 1384 tius
264 1338 402 1398 loqui
444 1338 736 1384 defendendi
775 1338 853 1385 sui
892 1340 1057 1400 gratia
1087 1338 1408 1386 instituerint.
1450 1339 1570 1385 11300
1603 1339 1733 1384 0111111
1757 1340 1814 1384 ut

55 1430 61 1433 Α
125 1412 378 1459 honestior
416 1428 578 1471 causa,
617 1414 689 1458 ita
729 1428 826 1459 non
865 1414 1037 1473 utique
1077 1413 1213 1474 prior
1246 1415 1331 1472 est,
1374 1427 1483 1459 cum
1524 1412 1815 1474 praesertim

128 1487 378 1534 accusatio
432 1486 696 1547 praecedat
750 1487 1104 1546 defensionem,
1170 1487 1267 1533 nisi
1321 1489 1430 1548 quis
1483 1487 1614 1533 dicet
1664 1486 1816 1533 etiam

55 1580 57 1582 ·
127 1559 348 1622 gladium
389 1560 689 1608 fabricatum
729 1561 789 1607 ab
832 1576 887 1608 eo
927 1562 1086 1621 prius,
1141 1563 1226 1621 qui
1272 1562 1458 1607 ferrum
1504 1562 1557 1607 in
1603 1561 1815 1607 tutelam

128 1635 206 1682 3111
254 1650 402 1696 quam
450 1635 537 1695 qui
586 1635 638 1680 in
692 1635 961 1696 perniciem
1009 1635 1212 1682 alterius
1262 1636 1559 1697 conpararit.
1615 1635 1815 1681 initium

61 1727 103 1758 20
129 1724 242 1771 ergo
269 1709 462 1756 dicendi
488 1708 624 1756 dedit
654 1712 847 1767 natura,
872 1709 1072 1756 initium
1104 1711 1226 1756 artis
1260 1710 1554 1757 observatio.
1594 1709 1816 1757 homines

128 1784 259 1829 enim
299 1783 427 1830 sicut
465 1785 518 1829 in
556 1782 816 1842 medicina,
864 1799 973 1831 cum
1015 1783 1239 1831 viderent
1280 1784 1378 1830 alia
1427 1783 1667 1843 salubria,
1717 1784 1817 1830 alia

127 1856 417 1916 insa-lubria,
458 1872 516 1903 ex
541 1857 884 1904 observatione
911 1873 1081 1904 eorum
1107 1858 1371 1904 effecerunt
1397 1861 1569 1918 artem,
1609 1859 1683 1904 ita
1708 1873 1817 1904 cum

128 1932 179 1976 in
219 1931 424 1979 dicendo
466 1931 565 1978 3113
603 1932 764 1991 utilia,
806 1932 906 1978 alia
937 1932 1138 1978 inutilia
1170 1932 1540 1993 deprenderent,
1581 1933 1819 1979 notarunt

129 2021 186 2052 03
237 2004 300 2052 ad
352 2006 652 2052 imitandum
707 2005 1082 2066 vitandumque,
1147 2009 1195 2052 et
1250 2006 1492 2067 quaedam
1549 2007 1818 2053 secundum

62 2095 103 2127 25
127 2081 373 2126 rationem
414 2095 583 2127 eorum
625 2079 911 2127 adiecerunt
949 2081 1049 2142 ipsi
1088 2096 1307 2142 quoque:
1361 2081 1482 2128 haec
1529 2080 1817 2128 confirmata

129 2155 244 2201 sunt
281 2169 387 2201 11311.
426 2156 537 2200 tum
576 2170 701 2215 quae
742 2155 929 2202 sciebat
961 2156 1168 2216 quisque
1201 2155 1382 2203 docuit.
1426 2154 1593 2202 Cicero
1621 2155 1819 2215 quidem

129 2227 329 2274 initium
383 2228 557 2275 orandi
608 2228 943 2276 conditoribus
994 2229 1191 2275 urbium
1247 2245 1303 2276 ac
1355 2230 1522 2291 legum
1576 2229 1817 2276 latoribus

131 2301 280 2362 dedit,
320 2303 373 2349 in
413 2302 592 2363 quibus
633 2303 784 2350 fuisse
823 2303 926 2350 vim
958 2302 1154 2350 dicendi
1185 2319 1381 2351 necesse
1408 2306 1502 2350 est:
1543 2318 1629 2350 cur
1652 2305 1819 2350 tamen

128 2376 255 2422 hanc
294 2377 505 2437 primam
548 2377 788 2440 originem
827 2380 1013 2438 putem,
1052 2394 1152 2424 non
1190 2377 1349 2437 video,
1391 2394 1501 2425 cum
1525 2379 1625 2424 sint
1660 2377 1818 2424 adhuc

66 2466 109 2497 30
134 2449 376 2509 quaedam
414 2466 572 2513 vagae
614 2454 663 2498 et
702 2453 806 2498 sine
846 2451 1049 2499 urbibus
1090 2467 1146 2499 ac
1179 2453 1283 2499 sine
1315 2452 1509 2515 legibus
1543 2454 1729 2513 gentes,
1772 2454 1820 2498 et

131 2525 299 2570 tamen
339 2526 425 2585 qui
465 2527 582 2572 sunt
619 2527 672 2571 in
711 2527 772 2572 iis
823 2527 931 2572 nati
978 2528 1026 2572 et
1071 2526 1405 2588 legationibus
1450 2527 1724 2588 fungantur
1771 2528 1820 2572 et

259 2698 314 2736 26
347 2693 416 2738 De
447 2695 539 2738 inv.
574 2701 613 2749 1,
647 2701 692 2738 2:
727 2695 794 2739 De
829 2698 943 2739 orat.
980 2702 1018 2750 1,
1052 2702 1092 2751 8,
1128 2701 1182 2739 33

253 2846 276 2882 -2
309 2842 534 2896 posivisse
565 2851 611 2885 B
761 2848 814 2887 10
849 2846 1130 2900 acceperunt
1159 2853 1228 2886 Ab
1381 2850 1433 2888 17
1470 2844 1586 2887 dicit
1615 2851 1705 2886 BP

134 2903 188 2941 21
223 2899 360 2942 sicuti
390 2909 427 2943 A
549 2907 603 2944 26
636 2904 756 2961 tum]
791 2917 895 2946 cum
925 2911 972 2946 B
1091 2908 1144 2947 29
1177 2906 1314 2960 putet
1343 2912 1432 2946 BP
1551 2908 1603 2946 31
1637 2903 1709 2945 his
1742 2911 1779 2944 A

1496 2981 1552 3019 9*

1871 1191 1898 1233 [0
