2055 3130
800 84 877 127 IV.
914 91 951 140 1,
988 89 1174 128 15-27,
1731 85 1833 137 189

149 227 394 287 corruptis
435 227 814 284 accusationem,
856 227 904 271 et
942 224 994 270 id
1035 224 1235 285 quidem
1274 225 1326 270 in
1359 224 1561 270 consilio
1595 225 1835 284 ampliore

148 304 420 360 utcumque
462 301 619 346 tutius
661 292 800 364 (nam
847 301 897 345 et
933 298 1056 344 mali
1103 297 1393 344 inhibentur
1448 300 1496 343 et
1548 297 1666 344 boni
1715 313 1834 360 gau-

150 368 305 438 dent),
354 373 486 433 apud
524 373 744 435 singulos
782 388 897 419 vero
937 388 1209 432 numquam
1256 372 1515 429 suaserim,
1563 371 1659 418 nisi
1706 370 1834 417 defe-

151 449 307 494 cerint
347 448 524 494 omnia.
567 446 698 507 quod
738 447 781 492 si
818 446 1082 493 necessitas
1123 447 1298 508 exiget,
1348 460 1447 492 non
1488 446 1582 492 erit
1628 447 1729 491 iam
1777 460 1834 490 ex
1860 444 1924 487 22

105 540 124 570 5
152 525 256 568 arte
290 522 521 579 oratoria,
560 536 659 567 non
698 520 857 580 magis
900 535 1048 580 quam
1088 520 1352 580 appellare,
1395 519 1590 565 etiamsi
1628 519 1681 564 id
1715 534 1832 579 quo-

150 611 243 655 que
312 610 456 654 saepe
515 594 635 639 utile
699 596 792 653 est,
860 599 948 640 aut
1016 597 1282 654 antequam
1334 595 1635 654 pronuntiet,
1696 608 1834 639 reum

148 669 330 728 facere3
370 684 485 714 nam
525 671 573 714 et
611 667 791 713 minari
832 671 881 714 et
920 667 1107 714 deferre
1141 667 1290 714 etiam
1322 683 1420 714 non
1454 672 1622 714 orator
1653 669 1832 727 potest.

261 741 315 788 Si
354 757 503 788 causa
543 740 838 789 conciliandi
876 741 1016 788 nobis
1057 741 1233 788 iudicis
1273 741 1533 787 materiam
1573 740 1726 800 dabit,
1776 756 1834 786 ex
1859 739 1922 783 23

148 817 240 862 hac
279 817 592 876 potissimum
633 816 801 876 aliqua
850 816 903 861 in
951 831 1097 863 usum
1142 815 1400 876 principii,
1449 830 1574 875 quae
1621 815 1834 861 maxime

80 909 124 940 10
148 889 445 936 favorabilia
484 889 796 948 videbuntur,
837 889 1031 950 decerpi
1065 889 1326 951 oportebit.
1369 905 1465 949 quo
1489 890 1543 935 in
1574 889 1682 936 1000
1713 888 1834 935 Ver-

149 966 312 1027 ginius
351 964 558 1022 fallitur,
600 965 688 1024 qui
728 963 984 1011 Theodoro
1024 964 1219 1023 placere
1250 962 1421 1022 tradit,
1460 966 1519 1009 ut
1544 978 1602 1008 ex
1626 962 1833 1025 singulis

149 1037 522 1098 quaestionibus
573 1037 756 1099 singuli
819 1053 987 1084 sensus
1037 1039 1090 1084 in
1144 1037 1452 1098 prooemium
1503 1037 1832 1084 conferantur.

147 1129 263 1159 nam
301 1112 386 1158 ille
425 1127 522 1158 non
564 1111 654 1159 hoc
694 1111 829 1171 dicit,
884 1111 967 1158 sed
1009 1112 1070 1158 ad
1110 1111 1479 1172 potentissimas
1520 1111 1833 1172 quaestiones
1861 1109 1923 1153 24

145 1186 359 1233 iudicem
396 1185 816 1247 praeparandum:
871 1186 922 1232 in
971 1202 1066 1246 quo
1113 1186 1228 1232 vitii
1280 1185 1406 1231 nihil
1462 1188 1582 1244 erat,
1635 1185 1731 1231 nisi
1781 1186 1832 1231 in

79 1280 121 1311 15
148 1263 432 1307 universum
470 1259 522 1306 id
560 1261 882 1321 praeciperet,
924 1260 1055 1320 quod
1085 1275 1173 1306 nec
1208 1260 1364 1306 omnis
1390 1259 1618 1320 quaestio
1643 1261 1835 1320 patitur

146 1350 235 1381 nec
276 1336 432 1381 omnis
474 1349 621 1380 causa
660 1333 920 1381 desiderat.
961 1350 1077 1381 nam
1116 1335 1342 1395 protinus
1371 1349 1399 1380 a
1421 1335 1634 1394 petitore
1673 1335 1833 1394 primo

146 1409 269 1469 1000,
311 1408 427 1455 dum
465 1410 638 1471 ignota
677 1408 834 1455 iudici
870 1408 932 1455 lis
973 1411 1060 1467 est,
1109 1424 1206 1468 quo
1245 1408 1393 1455 modo
1435 1425 1492 1453 ex
1533 1409 1833 1468 quaestioni-

146 1482 237 1529 bus
288 1483 519 1529 ducemus
572 1480 875 1529 sententias‘?
926 1484 1162 1528 nimirum
1218 1497 1296 1528 res
1348 1485 1494 1528 erunt
1539 1481 1834 1528 indicandae

146 1559 300 1617 prius.
341 1557 510 1603 demus
551 1556 744 1617 aliquas
787 1550 925 1621 (nam
964 1557 1016 1602 id
1057 1558 1219 1618 exiget
1257 1558 1386 1603 ratio
1420 1553 1833 1621 nonnumquam):

78 1650 122 1681 20
147 1633 360 1678 etiamne
399 1632 766 1691 potentissimas
820 1633 992 1689 omnis,
1046 1631 1098 1676 id
1147 1634 1220 1678 est
1265 1633 1426 1677 totam
1476 1628 1708 1677 causam?
1765 1631 1834 1676 310

147 1707 241 1752 erit
278 1707 330 1751 in
370 1706 622 1766 prooemio
663 1709 865 1765 peracta
905 1707 1140 1753 narratio.
1183 1705 1302 1765 quid
1340 1702 1492 1751 vero‘?
1540 1706 1596 1763 si,
1644 1708 1700 1750 ut
1738 1704 1833 1750 fre-
1861 1712 1885 1733 '-

147 1782 354 1839 quenter
393 1779 588 1838 accidit,
635 1780 785 1840 paulo
828 1782 900 1826 est
940 1779 1110 1826 durior
1150 1794 1311 1839 causa,
1359 1795 1458 1825 non
1496 1778 1833 1825 benivolentia

144 1853 324 1900 iudicis
362 1853 573 1913 pet-enda
614 1869 671 1900 ex
711 1854 821 1900 aliis
862 1853 1090 1913 partibus
1130 1855 1237 1914 erit,
1286 1852 1371 1899 sed
1409 1869 1508 1899 non
1557 1856 1670 1899 ante
1719 1867 1833 1899 0011-

148 1928 316 1974 ciliato
358 1929 462 1974 eius
505 1929 669 1974 animo
709 1927 842 1973 nuda
884 1930 1231 1988 quaestionum
1272 1929 1609 1974 committetur
1649 1927 1832 1986 asperi-

79 2020 121 2051 25
145 1999 257 2048 tas‘?
297 2017 423 2062 quae
456 2003 499 2048 31
529 2005 659 2048 10010
693 2018 883 2062 semper
914 2003 1059 2048 initio
1094 2001 1289 2048 dicendi
1318 2004 1666 2061 tractarentur,
1707 2001 1834 2047 nihil

145 2077 398 2136 prooemio
462 2091 583 2136 opus
648 2080 788 2123 esset.
852 2076 1021 2136 aliqua
1085 2092 1200 2137 ergo
1256 2091 1640 2136 nonnumquam,
1705 2090 1833 2135 quae
1860 2074 1924 2118 26

147 2153 290 2196 erunt
344 2149 407 2196 ad
447 2149 810 2196 conciliandum
858 2150 999 2198 nobis
1054 2150 1269 2197 iudicem
1318 2151 1679 2210 potentissima,
1734 2165 1833 2196 non

144 2224 392 2270 inutiliter
430 2226 630 2270 interim
672 2240 728 2270 ex
769 2225 1143 2284 quaestionibus
1182 2226 1236 2270 in
1276 2223 1475 2270 exordio
1523 2223 1831 2270 locabuntur.

147 2314 273 2358 quae
314 2300 413 2344 sint
452 2314 600 2358 porro
639 2300 692 2344 in
733 2300 893 2345 causis
933 2298 1246 2357 favorabilia,
1295 2313 1580 2345 enumerare
1620 2314 1719 2344 non
1759 2301 1834 2344 est

79 2390 122 2422 30
146 2387 354 2431 necesse,
396 2374 512 2432 quia
554 2376 602 2419 et
639 2373 906 2419 manifesta
947 2377 1090 2419 erunt
1130 2374 1329 2434 cognita
1370 2374 1607 2432 cuiusque
1639 2374 1832 2418 contro-

145 2448 336 2493 versiae
377 2446 664 2493 condicione
705 2451 753 2493 et
793 2449 959 2493 omnia
1001 2447 1171 2509 colligi
1207 2448 1261 2492 in
1299 2449 1443 2493 tanta
1482 2446 1650 2492 litium
1673 2448 1832 2493 varie-

145 2522 250 2567 tate
289 2536 389 2567 non
426 2524 647 2580 possunt.
698 2524 754 2567 ut-
795 2524 961 2567 autem
998 2521 1119 2567 haec
1157 2522 1378 2567 invenire
1419 2524 1467 2566 et
1509 2535 1707 2583 augere,
1760 2522 1832 2566 ita
1859 2519 1918 2562 27

148 2593 281 2654 quod
317 2594 487 2653 laedit,
539 2598 627 2641 aut
674 2597 873 2642 omnino
912 2596 1148 2656 repellere
1198 2598 1284 2641 aut
1332 2598 1460 2641 certe
1508 2596 1727 2641 minuere
1776 2611 1832 2641 ex

147 2682 298 2714 causa
322 2671 406 2714 est.
446 2670 698 2716 miseratio
725 2685 920 2730 quoque
954 2669 1220 2729 aliquando
1255 2685 1312 2715 ex
1345 2669 1514 2715 eadem
1545 2670 1695 2727 venit,
1729 2670 1831 2715 sive

1861 1703 1887 1746 ιν

1894 1704 1923 1747 v!

265 2783 292 2820 4
325 2779 471 2835 exigit
486 2787 575 2822 BP
588 2781 691 2823 item·
712 2784 764 2822 19
860 2785 915 2822 15
938 2794 1025 2823 nec
1050 2807 1106 2811 —
1131 2780 1311 2835 patitur
1335 2781 1562 2835 expzmaez't
1585 2786 1638 2831 P,
1665 2793 1735 2822 om
1754 2786 1838 2820 FT

146 2839 291 2882 Ambo·
321 2838 364 2881 11
391 2843 396 2893 ι
425 2839 638 2892 quaestio
670 2846 776 2881 AN:
811 2839 934 2882 actio
966 2847 1167 2890 BnByP
1286 2843 1339 2880 22
1374 2838 1532 2881 durior
1561 2846 1661 2881 AP:
1696 2852 1765 2881 om
1790 2845 1834 2879 Β

266 2901 321 2939 30
354 2897 466 2952 quia
496 2899 632 2941 Ale
667 2912 787 2953 quae
819 2906 908 2940 BP
