2007 3120
645 79 680 123 Ι.
727 85 769 133 3,
802 83 961 122 8—18.
1025 83 1227 132 4,1-4.
1632 139 1636 141 Α
1716 80 1783 132 21

101 237 242 268 orum
289 223 485 268 exactor
531 220 793 268 adstiterit.
863 235 995 280 nnnc
1039 219 1141 266 fere
1187 221 1502 283 neglegentia
1547 221 1881 284 paedago-215

101 311 277 359 gorum
326 295 395 341 sic
447 294 696 342 emendari
746 293 958 353 videtur,
1007 296 1065 340 ut
1114 293 1257 355 pueri
1305 310 1405 342 non
1453 294 1615 341 facere
1663 309 1790 356 quae

101 371 237 417 recta
275 370 391 416 sunt
430 370 684 430 cogantur,
724 367 808 415 sed
848 384 934 416 cur
964 383 1063 415 non
1094 368 1302 415 fecerint
1331 368 1615 430 puniantur.
1657 368 1791 416 deni-

104 459 196 504 que
237 458 348 490 011111
387 442 650 504 parvulum
681 441 966 489 verberibus
1000 443 1231 505 coegeris,
1273 442 1391 503 quid
1421 442 1590 489 iuveni
1621 442 1790 503 facias,

57 538 75 570 5
103 517 182 564 0111
234 531 325 564 1100
379 516 605 564 adhiberi
658 517 824 578 potest
878 516 957 563 hic
1007 518 1170 563 metus
1222 518 1272 562 et
1321 516 1512 564 maiora
1562 515 1795 564 discenda

101 588 249 638 sunt‘?
320 590 444 638 adde
492 590 624 652 quod
668 590 828 637 multa
878 589 1232 652 vapulantibus
1280 590 1416 638 dictu
1464 589 1704 638 deformia
1745 592 1794 637 et
1819 597 1882 641 16

99 681 213 712 mox
251 665 573 712 verecundiae
613 664 784 710 futura
823 679 968 726 saepe
1008 664 1175 712 dolore
1214 665 1295 711 vel
1325 667 1462 712 metu
1495 664 1793 723 acciderunt,

101 739 188 800 qui
237 739 398 800 pudor
446 739 637 801 frangit
688 738 908 785 animum
959 741 1009 785 et
1059 737 1213 785 abicit
1264 740 1414 799 atque
1463 739 1620 799 ipsius
1670 739 1794 786 lucis

100 815 275 877 fugam
329 815 378 860 et
429 812 653 860 taedium
707 812 877 860 dictat.
948 812 1050 859 iam
1112 813 1155 860 si
1215 813 1377 860 minor
1437 814 1490 859 in
1554 812 1792 875 eligendis
1818 820 1875 864 17

34 908 78 941 10
102 887 360 936 custodum
426 889 474 934 et
535 888 912 948 praeceptorum
978 887 1196 934 moribus
1264 887 1361 934 fuit
1428 902 1571 948 cura,
1638 887 1794 949 pudet

101 962 275 1022 dicere,
315 961 367 1007 in
408 976 533 1022 quae
572 960 756 1022 probra
794 960 998 1008 nefandi
1035 961 1259 1008 homines
1290 962 1387 1009 isto
1420 960 1657 1009 caedendi
1685 963 1794 1008 iure

101 1036 387 1096 abutantur,
419 1050 570 1096 quam
603 1034 688 1082 det
719 1034 830 1083 aliis
864 1051 1059 1097 quoque
1089 1050 1458 1097 nonnumquam
1491 1037 1795 1084 occasionem

100 1111 180 1158 1110
217 1110 510 1158 miserorum
547 1111 722 1157 metus.
763 1125 860 1156 non
900 1110 1131 1157 morabor
1168 1112 1218 1156 in
1258 1113 1399 1171 parte
1432 1110 1548 1157 hac:
1587 1110 1795 1157 nimium

102 1188 176 1232 est
231 1184 365 1245 quod
418 1184 741 1246 intellegitur.
821 1199 972 1245 quare
1026 1184 1119 1231 hoc
1173 1184 1353 1232 dixisse
1408 1186 1529 1232 satis
1585 1187 1680 1232 est:
1744 1184 1796 1230 in

35 1277 76 1310 15
102 1260 316 1306 aetatem
385 1257 632 1305 infirmam
696 1261 744 1305 et
805 1259 1016 1305 iniuriae
1080 1259 1342 1306 obnoxiam
1405 1259 1591 1306 nemini
1653 1258 1799 1306 debet

101 1335 311 1380 nimium
356 1332 517 1380 licere.
588 1347 719 1379 nunc
766 1333 943 1394 quibus
991 1332 1323 1381 instituendus
1376 1334 1440 1380 sit
1481 1333 1671 1381 artibus
1713 1333 1797 1394 qui
1823 1338 1887 1384 18

102 1408 172 1455 sic
218 1406 530 1466 formabitur,
577 1410 634 1453 ut
680 1406 788 1454 fieri
825 1407 983 1469 possit
1022 1410 1203 1469 orator,
1253 1411 1302 1454 et
1343 1423 1467 1468 quae
1506 1408 1559 1454 in
1602 1423 1797 1469 quaque

103 1484 266 1544 aetate
306 1481 599 1541 incohanda,
639 1481 801 1529 dicere
839 1481 1105 1545 ingrediar.

669 1607 768 1665 [DE
802 1607 1240 1666 GRAMMATICE]

36 1725 78 1755 20
214 1704 298 1751 IV.
355 1704 552 1752 Primus
599 1705 651 1752 in
701 1719 772 1763 e0,
821 1705 907 1765 qui
953 1703 1197 1752 scribendi
1245 1704 1541 1767 legendique
1589 1703 1798 1765 adeptus
1826 1711 1850 1754 1

104 1779 198 1826 erit
228 1779 536 1839 facultatem,
569 1779 908 1841 grammaticis
941 1781 1016 1826 est
1047 1779 1196 1827 locus.
1237 1794 1325 1826 nec
1350 1779 1502 1826 refert
1526 1778 1583 1826 de
1611 1777 1799 1826 Graeco

103 1869 167 1900 an
214 1853 273 1900 de
319 1851 500 1900 Latino
548 1852 739 1914 loquar,
794 1868 1097 1914 quamquam
1139 1851 1380 1900 Graecum
1431 1869 1534 1901 esse
1584 1853 1799 1914 priorem

104 1928 289 1989 placet:
328 1928 527 1988 utrique
567 1927 738 1974 eadem
777 1929 860 1974 via
900 1930 986 1974 est.
1039 1928 1160 1975 haec
1199 1928 1354 1990 igitur
1392 1927 1650 1990 professio,
1689 1942 1797 1974 cum
1825 1933 1853 1976 2

102 2001 390 2049 brevissime
436 2003 488 2048 in
528 2000 648 2048 duas
688 2002 846 2062 partis
887 2001 1154 2061 dividatur,
1201 2005 1331 2049 recte
1372 2001 1608 2064 loquendi
1647 2003 1798 2048 scien-

38 2096 79 2128 25
103 2077 228 2122 tiam
283 2077 333 2124 et
385 2078 646 2137 poetarum
700 2076 1078 2136 enarrationem,
1132 2076 1244 2137 plus
1299 2075 1450 2123 habet
1501 2077 1553 2122 in
1608 2091 1798 2123 recessu

105 2165 254 2211 quam
292 2150 454 2197 fronte
493 2150 757 2211 promittit.
828 2166 944 2197 nam
992 2153 1042 2198 et
1088 2150 1331 2199 scribendi
1371 2151 1499 2197 ratio
1540 2151 1800 2197 coniuncta
1826 2157 1855 2200 3

104 2239 217 2272 cum
269 2223 516 2285 loquendo
576 2227 671 2283 est,
735 2227 783 2271 et
841 2226 1178 2273 narrationem
1236 2224 1489 2287 praecedit
1540 2224 1800 2272 emendata

104 2298 266 2358 lectio,
315 2307 364 2345 et
403 2298 612 2346 mixtum
651 2299 728 2346 his
769 2298 996 2347 omnibus
1035 2299 1275 2346 iudicium
1316 2302 1410 2346 est:
1465 2314 1560 2360 quo
1602 2298 1799 2360 quidem

104 2373 178 2419 ita
233 2388 400 2420 severe
456 2376 572 2420 sunt
621 2373 698 2419 usi
748 2376 937 2421 veteres
990 2374 1318 2436 grammatici,
1374 2375 1432 2420 ut
1481 2389 1579 2421 non
1630 2388 1800 2420 versus

38 2466 82 2497 30
104 2446 250 2494 modo
291 2447 513 2495 censoria
552 2447 767 2509 quadam
804 2447 1003 2511 virgula
1041 2451 1214 2496 notare
1257 2451 1306 2496 et
1343 2447 1510 2507 libros,
1551 2447 1637 2509 qui
1674 2447 1799 2494 falso

104 2521 390 2568 viderentur
427 2522 670 2583 inscripti,
716 2525 974 2583 tamquam
1015 2522 1239 2570 subditos
1280 2522 1568 2569 submovere
1607 2521 1801 2568 familia

105 2595 420 2656 permiserint
458 2595 568 2655 sibi,
607 2595 694 2643 sed
733 2599 960 2644 auctores
1002 2596 1126 2645 alios
1165 2598 1218 2644 in
1252 2597 1475 2644 ordinem
1505 2595 1800 2660 redegerint,

105 2669 229 2717 alios
270 2670 468 2717 omnino
508 2670 779 2718 exemerint
815 2686 1036 2718 numero.
1106 2686 1196 2719 nec
1241 2675 1414 2732 poetas
1461 2671 1640 2732 legisse
1679 2671 1799 2717 satis
1827 2674 1857 2720 4

225 2843 251 2882 9
292 2840 555 2898 deligendis
587 2850 623 2883 Α
757 2845 811 2884 10
844 2842 910 2900 et]
946 2841 1019 2886 vel
1050 2850 1086 2883 A
1219 2847 1272 2885 21
1314 2840 1610 2899 grammatici
1644 2848 1679 2881 Α

107 2901 160 2940 27
194 2898 418 2955 loquendi
452 2901 649 2959 Madvig]
692 2908 696 2955 ξ
741 2901 1084 2944 enarrationem
1116 2910 1152 2943 A
