2055 3130
72 531 93 563 5

48 902 92 932 10

47 1271 89 1302 15

46 1639 89 1670 20

46 2011 88 2042 25

43 2382 88 2414 30

778 79 832 122 V.
870 85 936 133 12,
973 84 1160 123 11—21.
1697 81 1806 133 285

119 222 236 267 sunt
283 235 504 281 quaeque
550 220 746 266 futurae
797 218 909 278 sint,
959 219 1283 279 quaestiones,
1336 222 1644 281 argumenta,
1699 236 1805 267 sen-

119 296 302 341 tentias
341 294 534 340 tradere
589 294 752 340 velim.
802 293 936 353 ipsas
992 295 1160 338 autem
1212 295 1614 355 argumentorum
1668 295 1805 340 velut-
1831 295 1890 337 17

120 368 257 416 sedes
296 384 395 415 non
432 383 509 414 me
551 366 748 428 quidem
788 367 945 413 omnis
987 366 1255 413 ostendisse
1305 366 1516 426 confido,
1563 368 1804 427 plurimas

119 445 299 488 tamen.

232 514 370 570 Quod
412 531 466 561 eo
493 514 782 576 diligentius
806 513 1087 560 faciendum
1112 515 1224 573 fuit,
1265 514 1382 574 quia
1407 514 1803 576 declamationes,

119 588 295 649 quibus
359 587 421 634 ad
481 604 700 650 pugnam
761 588 1004 634 forensem
1054 588 1189 634 velut
1244 589 1536 648 praepilatis
1593 591 1806 635 exerceri

118 662 408 721 soleba-mus,
450 662 568 708 olim
606 663 708 707 iam
748 661 808 707 ab
848 661 937 707 ffla
977 677 1094 708 vera
1134 662 1349 724 imagine
1390 662 1564 709 orandi
1594 678 1803 709 recesse-

116 738 235 782 runt
274 739 421 797 atque
462 735 523 781 ad
557 736 713 783 solam
746 737 1047 795 compositae
1081 735 1390 796 voluptatem
1422 738 1586 783 nervis
1621 740 1803 795 carent,

117 826 214 857 non
256 810 352 857 alio
392 809 580 856 medius
620 809 764 856 fidius
804 809 927 856 Vitio
968 809 1251 869 dicentium,
1294 826 1440 870 quam
1483 825 1577 870 quo
1618 812 1803 856 manci-

116 886 312 944 piorum
371 885 704 945 negotiatores
767 883 953 930 formae
1015 899 1282 943 puerorum
1345 884 1585 931 virilitate
1643 885 1805 931 excisa

116 959 471 1005 lenocinantur.
534 972 649 1003 nam
699 960 756 1004 ut
806 957 883 1003 illi
931 957 1082 1004 robur
1129 973 1185 1004 ac
1235 959 1445 1005 lacertos
1499 957 1802 1019 barbamque
1830 957 1891 1001 18

118 1035 230 1078 ante
272 1032 436 1078 omnia
477 1034 525 1077 et
566 1032 679 1090 alia,
732 1047 856 1092 quae
903 1033 1084 1078 natura
1134 1031 1333 1092 proprie
1384 1032 1601 1080 maribus
1654 1032 1804 1091 dedit,

115 1121 292 1166 parum
332 1105 615 1152 existimant
647 1105 837 1163 decora,
878 1121 1103 1166 quaeque
1135 1106 1301 1165 fortia,
1343 1106 1384 1153 si
1415 1106 1600 1164 liceret,
1640 1107 1805 1153 forent

114 1183 172 1226 ut
213 1180 337 1227 dura
375 1179 628 1226 molliunt:
667 1179 740 1226 ita
779 1195 867 1226 nos
907 1179 1134 1226 habitum
1158 1180 1321 1241 ipsum
1347 1180 1585 1227 orationis
1609 1180 1803 1227 virilem

117 1256 165 1300 et
203 1254 345 1301 illam
391 1255 494 1300 vim
548 1254 716 1300 stricte
767 1254 1063 1315 robusteque
1119 1253 1312 1300 dicendi
1367 1258 1537 1301 tenera
1590 1254 1802 1315 quadam

115 1328 408 1375 elocutionis
449 1329 558 1374 cute
600 1329 845 1387 operimus
887 1330 949 1387 et,
1007 1327 1123 1374 dum
1173 1328 1303 1374 levia
1355 1332 1467 1375 sunt
1524 1344 1581 1375 ac
1628 1327 1802 1388 nitida,

114 1405 357 1463 quantum
396 1402 598 1449 valeant
635 1402 761 1448 nihil
798 1402 1034 1449 interesse
1075 1402 1388 1449 arbitramur.
1431 1402 1515 1450 sed
1553 1403 1676 1449 mihi
1715 1418 1800 1449 na·
1829 1402 1891 1446 19

111 1479 276 1522 turam
314 1476 530 1522 intuenti
566 1491 708 1522 nemo
749 1492 848 1522 non
886 1476 964 1522 vir
997 1476 1212 1536 spadone
1244 1477 1540 1524 formonsior
1572 1478 1680 1535 erit,
1713 1492 1801 1523 nec

111 1553 216 1597 tam
257 1565 429 1597 aversa
468 1565 706 1610 umquam
745 1550 993 1597 videbitur
1033 1550 1093 1597 ab
1142 1567 1286 1611 opere
1335 1566 1420 1598 suo
1471 1551 1800 1611 providentia,

114 1628 171 1671 ut
211 1624 439 1671 debilitas
478 1625 608 1670 inter
648 1625 837 1684 optima
876 1624 1080 1671 inventa
1119 1626 1198 1685 sit,
1238 1640 1327 1671 nec
1365 1625 1418 1671 id
1450 1625 1578 1671 ferro
1614 1626 1801 1685 specio-

114 1714 223 1746 sum
276 1698 382 1744 fieri
436 1698 640 1758 putabo,
695 1698 841 1759 quod,
897 1700 939 1744 si
992 1701 1287 1758 nasceretur,
1350 1703 1624 1745 monstrum
1681 1702 1799 1745 erat.

113 1772 370 1819 libidinem
409 1774 547 1818 iuvet
584 1774 748 1832 ipsum
789 1772 1057 1819 effeminati
1097 1788 1238 1820 sexus
1289 1773 1614 1833 mendacium,
1661 1790 1801 1819 num-

115 1863 263 1907 quam
302 1849 470 1893 tamen
507 1847 599 1894 hoc
638 1848 891 1909 continget
929 1847 1074 1894 malis
1114 1847 1331 1894 moribus
1371 1864 1591 1910 regnum,
1640 1850 1710 1905 ut,
1760 1848 1803 1894 si

114 1937 213 1981 qua
243 1922 462 1981 pretiosa
494 1920 624 1979 fecit,
649 1921 821 1967 fecerit
854 1923 901 1968 et
931 1920 1074 1968 bona.
1118 1923 1416 1982 quapropter
1450 1922 1799 1982 eloquentiam,
1825 1923 1890 1968 20

112 1995 229 2042 licet
268 1995 393 2042 hanc
443 1987 524 2059 (ut
572 1996 730 2042 sentio
773 1997 923 2054 enim,
973 1995 1152 2054 dicam)
1201 1995 1521 2042 libidinosam
1567 1998 1801 2057 resupina

112 2070 370 2129 voluptate
412 2068 659 2115 auditoria
697 2068 923 2129 probent,
961 2070 1151 2116 nullam
1191 2085 1292 2116 esse
1326 2069 1631 2129 existimabo,
1673 2085 1798 2130 quae
1836 2119 1847 2134 x

112 2159 173 2189 ne
211 2143 471 2190 minimum
512 2143 710 2203 quidem
748 2144 800 2189 in
834 2158 883 2190 se
914 2143 1154 2190 indic-ium
1186 2145 1391 2190 masculi
1426 2149 1474 2190 et
1508 2145 1799 2204 incorrupti,

112 2232 171 2264 ne
213 2217 374 2264 dicam
414 2218 579 2278 gravis
621 2220 668 2263 et
694 2218 852 2264 sancti
884 2218 979 2264 viri
1005 2221 1231 2265 ostentet.
1274 2234 1337 2264 an
1368 2234 1484 2265 vero
1518 2221 1796 2265 statuarum
1823 2220 1883 2263 21

114 2291 324 2338 artifices
365 2293 673 2352 pictoresque
715 2291 990 2351 clarissimi,
1033 2308 1141 2338 cum
1182 2308 1390 2353 corpora
1430 2308 1578 2353 quam
1611 2293 1795 2353 specio-

113 2366 306 2413 sissima
344 2365 573 2427 fingendo
621 2365 932 2428 pingendove
981 2366 1171 2414 efficere
1225 2370 1473 2427 cuperent,
1528 2381 1800 2427 numquam

112 2439 165 2486 in
202 2440 332 2486 hunc
372 2438 652 2487 ceciderunt
692 2455 919 2499 errorem,
972 2444 1027 2487 ut
1067 2440 1291 2503 Bagoam
1337 2443 1424 2487 aut
1469 2440 1800 2503 Megabuzum

113 2514 329 2574 aliquem
366 2513 420 2559 in
459 2514 736 2574 exemplum
769 2516 929 2574 operis
956 2516 1204 2562 sumerent
1229 2514 1337 2574 sibi,
1377 2514 1460 2562 sed
1484 2515 1800 2575 doryphoron

234 2719 256 2756 1
290 2713 474 2756 futurae
508 2718 616 2756 sunt
647 2723 691 2756 P
869 2719 922 2757 16
957 2714 1049 2756 sint
1082 2714 1145 2756 ΡΞ
1328 2719 1380 2757 18
1415 2715 1503 2758 erit-
1536 2728 1605 2758 om
1636 2723 1673 2755 ,1

113 2777 167 2814 21
194 2772 372 2827 putabo
398 2787 467 2815 om
491 2781 528 2814 ‚1
650 2778 705 2815 25
729 2773 949 2828 resupina
974 2775 1182 2818 Badius:
1204 2775 1475 2829 resupinam
1597 2779 1649 2815 27
1677 2786 1798 2816 mas-

114 2831 259 2874 culini
290 2839 380 2873 BP
528 2836 580 2874 31
614 2832 879 2875 inciderunt
910 2841 954 2874 P
978 2835 983 2888 Ι
1011 2832 1324 2889 Megabyzum
1355 2835 1451 2877 Alcl
1482 2833 1799 2889 Megabuxum

111 2891 222 2933 libra·
343 2894 395 2932 32
431 2894 663 2934 sumerent
694 2892 812 2934 aP2:
847 2905 1025 2935 sumere
1057 2900 1141 2934 AB
