2007 3120
153 87 260 138 100
657 85 1030 137 QVINTILIANI
1059 84 1210 129 INST.
1244 85 1336 129 ΟΒ.

156 225 291 272 aliud
331 224 555 272 suadebit
592 224 799 279 utilitas,
839 224 963 271 hanc
1000 224 1185 270 relictis
1224 224 1572 285 magistrorum
1612 223 1820 270 auctori-

101 305 128 349 8
153 298 342 346 tatibus
381 313 653 358 sequemur.
694 296 921 357 equidem
957 297 1009 343 id
1047 299 1258 344 maxime

334 368 652 432 ‘praecipiam
693 386 748 417 ac
787 373 1010 431 repetens
1048 371 1324 431 iterumque
1361 372 1639 431 iterumque

867 439 1114 490 monebo':

83 530 114 579 ,s
150 533 228 565 res
268 517 388 564 duas
427 517 478 562 in
518 517 652 563 omni
691 519 804 563 actu
843 519 1029 577 spectet
1075 519 1261 575 orator,
1310 516 1429 576 quid
1475 515 1657 575 deceat,
1706 515 1819 576 quid
1870 536 1888 567 5

152 590 390 651 expediat.
430 590 624 650 expedit
664 592 828 636 autem
883 605 1027 652 saepe
1072 593 1264 636 mutare
1319 605 1375 636 ex
1420 589 1507 636 illo
1555 590 1821 635 constituto

151 663 434 724 traditoque
475 663 643 709 ordine
685 663 867 723 aliqua,
919 666 968 709 et
1004 663 1204 709 interim
1251 663 1401 721 decet,
1447 666 1503 709 ut
1548 664 1599 708 in
1648 662 1823 708 statuis

97 744 127 786 9
153 740 299 798 atque
329 737 535 796 picturis
566 736 787 782 videmus
823 737 1004 782 variari
1026 735 1237 795 habitus,
1274 737 1457 797 vultus,
1499 739 1677 794 status,
1709 750 1824 781 nam

152 811 274 857 recti
313 810 509 869 quidem
549 811 764 870 corporis
802 809 882 855 vel
920 810 1124 855 minima
1163 810 1326 870 gratia
1365 812 1450 856 est.
1490 825 1662 870 nempe
1695 809 1825 855 enim

155 883 360 930 adversa
400 882 464 929 sit
502 883 652 930 facies
677 886 725 928 et
765 882 974 929 demissa
997 881 1225 928 bracchia
1265 885 1312 929 et
1341 881 1499 928 iuncti
1522 883 1691 942 pedes:
1732 883 1824 928 erit
1850 901 1891 932 ιο

155 972 183 1002 a
209 957 409 1003 summis
443 955 503 1001 ad
534 957 634 1002 ima
665 957 826 1017 rigens
860 970 994 1015 opus.
1033 955 1184 1002 flexus
1215 956 1300 1002 ille
1333 959 1394 1014 et,
1433 958 1488 1002 ut
1512 957 1580 1002 sic
1606 955 1823 1013 dixerim,

153 1033 314 1076 motus
354 1029 439 1075 dat
477 1032 642 1075 actum
680 1029 923 1090 quendam
961 1032 1010 1075 et
1048 1029 1254 1075 factum:
1292 1029 1401 1075 ideo
1441 1044 1528 1076 nec
1567 1029 1630 1075 ad
1676 1044 1826 1074 unum

70 1109 132 1152 10
154 1103 356 1150 modum
396 1103 634 1149 formatae
671 1117 845 1148 manus
886 1104 934 1149 et
971 1103 1023 1148 in
1055 1102 1196 1149 vultu
1227 1102 1361 1149 mille
1386 1103 1591 1163 species,
1631 1117 1826 1149 cursum

154 1176 337 1223 habent
377 1175 617 1236 quaedam
658 1179 706 1222 et
743 1177 1006 1236 impetum,
1055 1175 1224 1222 sedent
1264 1176 1362 1222 alia
1407 1176 1485 1222 vel
1524 1176 1826 1234 incumbunt,

154 1250 287 1296 nuda
325 1250 459 1309 haec,
499 1249 588 1295 illa
625 1249 789 1295 velata
835 1252 961 1308 sunt,
1014 1249 1253 1309 quaedam
1298 1251 1452 1295 mixta
1499 1265 1556 1296 ex
1601 1252 1824 1308 utroque.
1851 1267 1892 1298 15

157 1323 278 1383 quid
314 1326 419 1369 tam
466 1322 729 1369 distortum
776 1325 824 1368 et
871 1322 1176 1369 elaboratum
1222 1338 1370 1383 quam
1421 1326 1494 1369 est
1540 1322 1623 1368 ille
1671 1322 1826 1368 disco-

158 1396 294 1443 bolos
334 1394 588 1456 Myronis?
630 1397 671 1442 si
711 1396 822 1456 quis
861 1399 1027 1442 tamen
1066 1399 1122 1442 ut
1159 1412 1330 1456 parum
1364 1399 1554 1442 rectum
1584 1394 1827 1456 improbet

158 1485 294 1530 opus,
334 1485 494 1515 nonne
534 1469 594 1515 ab
633 1469 887 1516 intellectu
927 1470 1047 1515 artis
1089 1469 1281 1528 afuerit,
1320 1470 1371 1514 in
1411 1485 1508 1530 qua
1539 1470 1620 1516 vel
1642 1469 1825 1530 praeci-

71 1549 129 1591 11
157 1559 252 1603 pue
292 1542 554 1589 laudabilis
607 1546 679 1588 est
725 1544 835 1601 ipsa
872 1543 961 1588 illa
1000 1544 1193 1589 novitas
1235 1557 1290 1590 ac
1329 1540 1630 1590 difficultas?
1680 1556 1827 1602 quam

159 1615 357 1676 quidem
397 1617 606 1678 gratiam
642 1620 689 1662 et
721 1616 1094 1663 delectationem
1120 1615 1347 1662 adferunt
1370 1615 1568 1678 figurae,
1607 1631 1827 1677 quaeque
1852 1633 1894 1664 20

156 1692 208 1735 in
226 1689 445 1737 sensibus
463 1704 684 1750 quaeque
702 1689 753 1734 in
769 1689 929 1736 verbis
947 1692 1073 1736 sunt.
1091 1692 1285 1736 mutant
1303 1691 1431 1736 enim
1449 1689 1636 1749 aliquid
1651 1705 1680 1736 a
1694 1692 1827 1736 recto

161 1766 309 1823 atque
348 1763 474 1809 hanc
513 1778 630 1823 prae
671 1777 719 1808 se
760 1762 994 1809 virtutem
1032 1763 1211 1822 ferunt,
1253 1763 1383 1823 quod
1423 1779 1451 1809 a
1483 1762 1828 1810 consuetudine

72 1842 132 1885 12
159 1836 354 1898 vulgari
393 1839 705 1883 recesserunt.
757 1835 905 1882 habet
943 1838 993 1882 in
1033 1836 1226 1897 pictura
1264 1838 1473 1897 spec-iem
1511 1839 1619 1883 tota
1658 1837 1828 1883 facies:

159 1910 358 1970 Apelles
413 1914 578 1957 tamen
631 1909 898 1970 imaginem
945 1909 1185 1972 Antigoni
1233 1910 1385 1956 latere
1431 1913 1626 1956 tantum
1674 1910 1827 1956 altero

159 1983 386 2040 ostendit,
426 1987 480 2029 ut
521 1983 687 2029 amissi
727 1983 858 2029 oculi
897 1983 1180 2029 deformitas
1219 1983 1408 2029 lateret.
1451 1981 1601 2044 quid?
1640 1999 1737 2030 non
1777 1984 1829 2029 in
1853 2000 1894 2032 ‘35

160 2058 379 2103 oratione
420 2055 682 2116 operienda
722 2060 834 2102 sunt
875 2056 1127 2116 quaedam,
1167 2058 1268 2103 sive
1301 2057 1492 2103 ostendi
1523 2072 1621 2103 non
1652 2056 1829 2103 debent

74 2135 134 2178 13
160 2129 262 2176 sive
295 2129 500 2190 exprimi
530 2145 619 2189 pro
653 2129 894 2190 dignitate
919 2146 1017 2176 non
1040 2128 1278 2190 possunt?
1309 2134 1365 2176 ut
1388 2130 1504 2177 fecit
1529 2129 1830 2188 Timanthes,

163 2204 350 2264 opinor,
391 2201 632 2264 Cythnius
672 2204 724 2248 in
764 2218 820 2249 ea
858 2203 1043 2261 tabula,
1090 2219 1186 2264 qua
1229 2202 1431 2250 Coloten
1479 2204 1650 2250 Teium
1696 2203 1827 2250 vicit.

159 2292 275 2322 nam
314 2291 425 2322 cum
462 2277 515 2322 in
545 2276 830 2337 Iphigeniae
862 2276 1198 2323 immolatione
1230 2277 1469 2337 pinxisset
1497 2277 1690 2324 tristem
1722 2275 1830 2323 Cal-

161 2350 399 2406 chantem,
436 2350 704 2396 tristiorem
742 2349 933 2408 Ulixen,
973 2349 1241 2397 addidisset
1270 2350 1491 2397 Menelao
1525 2366 1669 2410 quem
1700 2365 1828 2396 sum·
1853 2368 1896 2398 30

161 2439 298 2469 mum
337 2426 532 2483 poterat
565 2438 642 2469 ars
676 2422 863 2470 efficere
894 2439 1185 2470 maerorem:
1226 2425 1524 2485 consumptis
1557 2423 1828 2471 adfectibus

162 2513 260 2542 non
298 2496 559 2556 reperiens,
599 2512 695 2556 quo
736 2496 881 2558 digne
919 2497 1063 2543 modo
1102 2499 1258 2557 patris
1298 2497 1490 2544 vultum
1541 2500 1706 2558 posset
1753 2513 1828 2542 ex-

281 2640 305 2676 3
338 2634 474 2691 Verg.
507 2637 619 2678 Aen.
653 2640 693 2689 3,
726 2640 811 2678 436

283 2757 306 2793 5
340 2752 503 2795 deceat
533 2752 647 2807 quid
679 2760 767 2794 BP
807 2753 927 2797 Cass.
961 2767 997 2809 p
1037 2758 1134 2804 501,
1177 2758 1251 2796 16:
1297 2754 1340 2796 d.
1381 2755 1428 2797 et
1466 2753 1579 2808 quid
1617 2762 1653 2795 Α

166 2814 220 2852 10
254 2810 357 2867 erit]
392 2813 439 2854 et
470 2812 588 2863 libri,
621 2813 765 2865 possis
795 2814 865 2854 est
998 2817 1050 2854 12
1083 2812 1259 2854 factum
1288 2819 1392 2854 BP:
1428 2811 1646 2855 affectum
1675 2821 1712 2854 A

165 2874 218 2911 21
253 2870 375 2912 enim
407 2877 463 2911 A:
499 2870 640 2912 etiam
671 2877 760 2912 BP
878 2875 931 2912 23
964 2871 1106 2914 habet
1139 2873 1184 2913 et
1215 2879 1250 2911 A
