2012 3151
0 275 3 359 Ι

753 70 828 113 VI.
865 74 904 124 3,
939 74 1126 115 26—37.
1676 73 1787 125 335

105 227 405 274 quamquam
448 211 606 272 aliqui
644 212 970 271 reperiuntur,
1012 212 1095 270 qui
1134 227 1194 257 ne
1234 210 1284 257 id
1318 211 1529 272 quidem,
1573 212 1702 273 quod
1733 213 1787 259 in

103 287 237 346 ipsos
270 285 486 332 recidere
526 286 698 346 possit,
739 284 937 331 evitent.
979 284 1109 344 quod
1142 284 1260 331 fecit
1290 283 1492 347 Longus
1521 284 1789 346 Sulpicius,

106 360 204 419 qui,
260 360 517 420 cumipse
557 359 868 406 foedissimus
921 361 1061 415 esset,
1118 357 1187 404 ait
1242 374 1369 417 eum,
1421 360 1592 405 cont-ra
1643 374 1790 419 quem

104 433 286 480 iudicio
341 432 534 479 liberali
590 432 785 490 aderat,
832 447 892 477 ne
943 431 1118 478 faciem
1170 431 1368 492 quidem
1417 432 1595 479 habere
1644 432 1790 480 liberi

62 506 338 555 5h01m'nis:
392 508 472 554 cui
518 505 816 566 respondens
856 505 1105 552 Domitius
1151 506 1274 552 Afer
1330 502 1405 552 ‘ex
1443 502 1554 565 tui',
1607 507 1788 568 inquit,

109 577 281 627 ‘animi
321 580 579 640 sententia,
633 579 815 641 Longe,
871 579 954 640 qui
1001 580 1184 625 malam
1230 580 1407 627 faciem
1447 579 1610 639 habet,
1664 580 1789 627 liber

105 669 204 701 non
246 650 369 701 estP'
423 654 683 701 vitandum
723 654 887 711 etiam,
926 669 986 699 ne
1025 655 1268 714 petulans,
1308 670 1368 700 ne
1409 654 1688 715 superbum,
1727 670 1788 701 ne
1813 658 1880 702 33

107 728 230 787 loco,
270 745 330 774 ne
370 731 590 789 tempore
632 728 864 785 alienum,
915 744 976 774 ne
1014 733 1365 788 praeparatum
1413 732 1463 775 et
1509 728 1651 775 domo
1704 728 1781 774 ad-

105 802 265 848 latum
303 802 531 849 videatur
563 801 693 862 quod
725 801 954 848 dicimus:
994 817 1109 848 nam
1141 802 1373 849 adversus
1405 803 1623 860 miseros,
1663 802 1790 849 sicut

41 893 83 924 10
109 892 257 937 supra
298 875 531 933 dixeram,
570 875 866 922 inhumanus
909 878 983 922 est
1021 876 1171 922 iocus.
1212 876 1295 922 sed
1337 876 1539 936 quidam
1569 877 1643 923 ita
1676 879 1789 923 sunt

106 952 333 1011 receptae
386 950 696 996 auctoritatis
751 964 807 995 ac
856 952 1002 996 notae
1053 949 1403 1010 verecundiae,
1457 953 1515 997 ut
1563 951 1790 997 nocitura

107 1023 172 1071 sit
210 1025 263 1070 in
304 1039 382 1071 eos
424 1023 614 1070 dicendi
656 1023 959 1084 petulantia3
1012 1039 1127 1070 nam
1175 1023 1233 1070 de
1285 1025 1454 1071 amicis
1501 1025 1602 1071 iam
1648 1040 1788 1085 prae-

106 1100 301 1159 ceptum
335 1101 420 1145 est.
452 1098 578 1144 illud
612 1114 705 1144 non
741 1092 804 1143 ad
830 1098 1039 1144 oratoris
1066 1098 1342 1157 consilium,
1375 1098 1457 1146 sed
1484 1098 1545 1144 ad
1575 1097 1788 1145 hominis
1814 1100 1882 1145 34

105 1174 341 1233 pertinet:
381 1173 593 1219 lacessat
630 1171 721 1218 hoc
760 1171 905 1218 modo
946 1187 1090 1231 quem
1121 1171 1313 1218 laedere
1348 1173 1413 1219 sit-
1444 1172 1789 1233 periculosum,

41 1263 81 1294 15
106 1262 166 1292 ne
194 1249 279 1292 aut
304 1245 595 1293 inimicitiae
621 1261 795 1308 graves
828 1247 1153 1306 insequantur
1186 1250 1272 1292 aut
1303 1247 1463 1307 turpis
1497 1247 1787 1294 satisfactio.

105 1320 235 1367 male
276 1322 427 1367 etiam
467 1320 662 1379 dicitur,
705 1319 834 1380 quod
872 1322 924 1366 in
964 1321 1120 1381 pluris
1155 1322 1398 1380 convenit,
1439 1321 1479 1367 si
1512 1324 1599 1366 aut
1629 1320 1787 1368 natio-

104 1410 189 1441 nes
228 1397 362 1441 totae
402 1396 709 1441 incessantur
748 1396 834 1441 aut
874 1394 1068 1441 ordines
1110 1396 1195 1440 aut
1236 1395 1458 1441 condicio
1500 1398 1586 1441 aut
1625 1395 1789 1442 studia

104 1468 388 1514 multorum.
430 1484 501 1527 ea,
544 1484 666 1529 quae
707 1468 835 1514 dicet
874 1469 952 1514 vir
975 1468 1145 1527 bonus7
1187 1469 1352 1515 omnia
1384 1470 1519 1516 salva
1545 1469 1788 1532 dignitate
1814 1471 1882 1515 35

106 1557 160 1588 ac
222 1543 519 1589 verecundia
581 1542 730 1589 dicet:
792 1543 1001 1588 nimium
1064 1544 1194 1588 enim
1254 1544 1380 1590 risus
1439 1544 1654 1604 pretium
1702 1545 1788 1603 est,

41 1633 81 1664 20
107 1617 148 1662 si
186 1617 452 1677 probitatis
491 1616 742 1678 impendio
783 1619 989 1663 constat.

215 1690 357 1737 Unde
398 1693 563 1737 autem
605 1691 895 1737 concilietur
934 1692 1060 1737 risus
1109 1694 1158 1738 et
1199 1691 1374 1751 quibus
1416 1707 1472 1739 ex
1519 1692 1639 1739 locis
1685 1693 1790 1752 peti

105 1764 274 1824 soleat,
315 1764 659 1812 difficillimum
701 1765 872 1812 dicere.
914 1781 1028 1812 nam
1068 1767 1111 1812 si
1143 1767 1327 1826 species
1361 1781 1527 1813 omnes
1559 1767 1790 1827 persequi

104 1839 326 1899 velimus,
377 1855 465 1886 nec
504 1839 706 1886 modum
752 1839 1049 1899 reperiemus
1098 1843 1146 1886 et
1200 1839 1386 1887 frustra
1440 1840 1787 1887 laborabimus.

103 1928 261 1972 neque
302 1914 433 1959 enim
478 1914 641 1960 minus
692 1915 942 1960 numerosi
997 1917 1110 1960 sunt
1164 1914 1274 1973 loci,
1327 1930 1383 1960 ex
1436 1914 1612 1974 quibus
1667 1915 1788 1962 haec
1814 1916 1881 1960 36

39 2003 79 2034 25
106 1986 254 2046 dicta,
295 2003 442 2048 quam
481 1988 572 2047 illi,
614 2004 671 2033 ex
711 1988 888 2048 quibus
930 2004 1028 2046 eae,
1070 2004 1190 2048 quas
1232 1989 1501 2035 sententias
1541 2004 1789 2048 voca-mus,

105 2060 367 2121 ducuntur,
421 2077 578 2121 neque
627 2061 727 2108 alii.
790 2077 906 2107 nam
959 2063 1039 2108 hic
1095 2077 1290 2123 quoque
1346 2065 1418 2109 est
1472 2064 1693 2110 inventio
1741 2066 1790 2110 et

105 2136 334 2194 elocutio,
387 2140 534 2196 atque
573 2135 728 2196 ipsius
771 2136 1064 2183 elocutionis
1104 2138 1180 2183 vis
1221 2136 1321 2183 alia
1359 2137 1412 2183 in
1458 2136 1642 2197 verbis,
1690 2137 1790 2184 alia

103 2209 154 2254 in
193 2209 377 2270 figuris.
425 2211 552 2257 risus
591 2210 748 2272 igitur
796 2211 1022 2257 oriuntur
1070 2213 1156 2257 aut
1202 2226 1260 2256 ex
1307 2226 1509 2272 corpore
1557 2211 1682 2271 eius,
1736 2213 1790 2258 in
1813 2212 1878 2256 31

106 2299 253 2343 quem
292 2283 513 2344 dicimus,
562 2287 650 2330 aut
690 2299 746 2329 ex
787 2285 966 2343 animo,
1024 2286 1108 2345 qui
1153 2285 1299 2332 factis
1347 2285 1407 2331 ab
1449 2301 1504 2332 eo
1545 2285 1788 2347 dictisque

38 2373 80 2404 30
106 2357 380 2420 colligitur,
421 2360 508 2404 aut
548 2374 603 2405 ex
650 2359 727 2416 iis,
768 2374 895 2418 quae
936 2362 1049 2405 sunt
1090 2361 1227 2405 extra
1266 2360 1450 2420 posita,
1497 2360 1630 2406 intra
1670 2360 1788 2407 haec

106 2431 236 2477 enim
276 2435 351 2479 est
391 2433 547 2479 omnis
588 2433 907 2492 vituperatio:
968 2449 1091 2493 quae
1148 2433 1190 2479 si
1243 2433 1442 2496 gravius
1494 2434 1657 2495 posita
1709 2436 1787 2496 sit,

225 2651 248 2688 3
285 2646 352 2689 ait
384 2655 482 2688 AG:
519 2647 578 2690 ad
610 2656 655 2690 P
684 2647 752 2690 ait
792 2648 851 2691 ad
890 2656 924 2689 Γ
958 2650 1041 2690 aut
1073 2657 1125 2691 J!
1302 2655 1326 2691 5
1360 2663 1415 2692 ex
1445 2649 1516 2691 tui
1549 2667 1600 2692 a:
1650 2664 1705 2692 ex
1735 2650 1788 2691 tu

103 2713 236 2747 Aen
263 2709 316 2748 tu
355 2714 396 2760 Γ,
430 2714 474 2748 Ρ
502 2709 555 2749 in
584 2721 663 2750 ras
785 2711 839 2750 10
873 2708 972 2765 sed]
1007 2710 1053 2751 et
1085 2709 1227 2752 Halm
1352 2714 1405 2750 12
1441 2708 1645 2766 dicendi]
1673 2708 1790 2751 dicit

103 2773 140 2806 1
279 2770 331 2807 13
381 2765 576 2808 oratoris
625 2767 843 2809 Harster:
897 2769 1000 2810 orat
1037 2767 1128 2809 1011
1168 2784 1191 2808 *
1226 2776 1262 2808 A
1303 2782 1383 2811 ora
1415 2767 1504 2810 fori
1547 2777 1616 2810 Ga
1649 2781 1728 2810 ora
1761 2784 1786 2810 »ι

103 2823 222 2867 10110
255 2832 299 2866 Ρ
328 2825 491 2867 orandi
522 2825 619 2869 fere
657 2833 692 2867 Γ
717 2839 845 2868 oram
877 2825 973 2869 fere
998 2834 1050 2868 Π
1169 2831 1221 2869 19
1257 2826 1383 2870 dicet
1406 2828 1492 2870 edd
1515 2833 1623 2871 rett-
1656 2828 1791 2870 decet

103 2891 237 2925 {Gn
266 2883 433 2926 decent
458 2892 541 2926 ΡΓ
656 2889 709 2927 ’25
744 2898 825 2928 eae
852 2886 1044 2943 Reyius:
1077 2899 1153 2929 eas
1185 2894 1356 2928 AGI‘M
1383 2900 1438 2929 ea
1471 2907 1494 2928 κε
1529 2894 1573 2928 Ρ
