2055 3130
772 46 825 89 V.
862 49 930 98 10,
967 50 1153 88 67—76.
1691 43 1800 96 263

115 187 370 234 exordium
423 186 616 247 pullum
654 181 884 244 videam',
939 188 987 232 et
1042 187 1234 232 contra:
1289 179 1407 231 enon
1447 184 1798 231 dominationis

115 276 266 308 causa
307 260 498 307 Sullam
538 275 674 306 arma
715 261 994 320 sumpsisse,
1045 261 1390 320 argumentum
1431 260 1503 305 est
1552 257 1800 305 dictatura

116 329 374 394 deposita’.
417 335 645 381 similiter
684 349 741 379 ex
779 335 1080 380 incremento
1113 334 1164 378 in
1189 335 1452 392 utramque
1484 335 1679 391 partem
1711 331 1798 378 du·
1828 332 1886 375 52

117 408 245 455 citur
274 409 403 454 ratio
438 423 546 454 cum
580 408 629 452 in
663 408 956 465 coniectura,
996 408 1105 453 tum
1129 407 1280 453 etiam
1304 407 1357 452 in
1387 408 1607 452 tractatu
1633 407 1798 465 aequi-

70 484 249 542 5tatis,
291 497 352 528 an
393 481 456 527 ad
493 481 693 528 initium
732 496 922 528 summa
961 480 1218 527 referenda
1266 481 1352 539 sit,
1398 478 1452 525 id
1499 482 1592 538 est,
1642 495 1705 525 an
1754 480 1800 525 ei

116 556 286 603 caedes
326 555 620 616 imputanda
660 556 740 613 sit,
781 570 810 601 a
849 570 945 615 quo
985 556 1205 616 iurgium
1245 553 1418 614 coepit.

226 630 316 676 Est
358 631 759 692 argumentorum
799 629 933 676 locus
973 643 1032 674 ex
1071 627 1338 675 similibus:
1393 623 1454 674 ‘si
1494 626 1798 673 continentia
1828 628 1887 672 73

113 704 284 764 virtus,
324 703 498 763 utique
524 705 572 749 et
613 702 934 749 abstinentia:
975 703 1017 749 si
1055 701 1203 749 fidem
1243 701 1387 748 debet
1417 703 1567 760 tutor,
1609 703 1655 746 et
1687 717 1799 761 pro-
1872 740 1875 741 γ

114 773 345 825 curator'.
386 778 477 824 hoc
519 779 592 824 est
633 793 689 822 ex
730 792 784 824 eo
826 791 1015 839 genere,
1058 776 1191 837 quod
1217 773 1474 839 ἐπαγωγὴν
1510 773 1685 821 Graeci
1716 790 1800 822 vo-

50 869 92 900 1o
117 855 244 910 cant,
286 850 454 898 Cicero
494 850 843 898 inductionem.
886 866 942 896 ex
982 849 1326 898 dissimilibus:
1370 845 1486 895 enon
1526 849 1567 896 si
1605 848 1801 896 laetitia

113 924 311 984 bonum,
353 926 402 971 et
439 925 693 986 voluptas:
733 941 832 972 non
872 924 1007 986 quod
1044 924 1254 983 mulieri,
1293 923 1426 970 idem
1465 919 1692 984 pupillo'.
1742 938 1800 969 ex

112 999 394 1046 contrariis:
453 994 734 1061 ‘frugalitas
788 999 995 1057 bonum,
1050 999 1246 1044 luxuria
1302 999 1434 1043 enim
1489 997 1701 1043 malum:
1758 997 1800 1044 si

111 1073 357 1120 malorum
397 1087 544 1119 causa
581 1072 767 1119 bellum
806 1075 893 1132 est,
934 1073 1027 1119 erit
1060 1072 1340 1118 emendatio
1370 1087 1488 1133 pax:
1530 1073 1572 1118 si
1602 1071 1801 1118 veniam

111 1150 327 1193 meretur
368 1148 453 1207 qui
490 1147 758 1207 inprudens
798 1148 981 1208 nocuit,
1021 1162 1121 1194 non
1160 1149 1376 1193 meretur
1413 1146 1689 1206 praemium
1716 1147 1801 1205 qui

46 1237 87 1270 15
111 1220 377 1282 inprudens
410 1218 633 1281 profuit’.
674 1237 730 1267 ex
769 1221 1130 1283 pugnantibus:
1173 1217 1278 1281 ‘qui
1318 1222 1390 1267 est
1429 1221 1640 1280 sapiens,
1680 1220 1799 1266 stul-
1830 1218 1891 1264 74

111 1298 192 1341 tus
231 1311 330 1342 non
370 1291 476 1341 est’.
518 1311 574 1341 ex
615 1295 1022 1356 consequentibus
1064 1294 1165 1343 sive
1207 1294 1475 1341 adiunctis:
1518 1289 1578 1341 ‘si
1611 1295 1684 1340 est
1714 1293 1798 1340 bo-

112 1386 232 1415 num
269 1369 477 1430 iustitia,
515 1373 647 1416 recte
672 1369 1004 1429 iudicandum,
1044 1372 1085 1417 si
1117 1369 1304 1415 malum
1337 1367 1558 1429 perfidia,
1598 1383 1694 1414 non
1729 1370 1800 1415 est

111 1439 431 1490 fallendum’:
483 1443 614 1489 idem
652 1446 798 1490 retro.
847 1459 935 1490 nec
992 1446 1106 1491 sunt
1156 1444 1234 1490 his
1283 1442 1544 1490 dissimilia
1591 1442 1800 1502 ideoque

113 1517 228 1563 huic
266 1517 374 1565 loco
416 1517 718 1577 subicienda,
766 1534 877 1565 cum
918 1521 965 1564 et
1004 1520 1114 1579 ipsa
1161 1517 1457 1564 naturaliter
1505 1519 1801 1578 congruant:

46 1608 89 1640 20
117 1588 268 1652 ‘quod
308 1593 417 1653 quis
464 1608 563 1638 non
609 1592 799 1652 habuit,
854 1608 953 1638 non
1003 1591 1241 1653 perdidit:
1297 1606 1442 1652 quem
1499 1592 1607 1651 quis
1649 1593 1799 1651 amat,

114 1667 269 1713 sciens
309 1682 409 1712 non
447 1666 622 1713 laedit:
673 1682 818 1727 quem
860 1666 967 1727 quis
1007 1666 1236 1713 heredem
1284 1681 1427 1712 suum
1475 1679 1577 1711 esse
1625 1665 1801 1724 voluit,

113 1755 283 1786 carum
320 1739 510 1800 habuit,
556 1740 718 1801 habet,
766 1736 1002 1787 habebit'.
1059 1740 1144 1788 sed
1191 1755 1303 1786 cum
1357 1741 1456 1786 sint
1502 1738 1801 1798 indubitata,

111 1816 213 1860 vim
251 1814 433 1861 habent
472 1830 626 1875 paene
667 1814 919 1878 signorum
957 1814 1343 1861 inmutabilium.
1393 1813 1477 1860 sed
1522 1812 1641 1859 haec
1686 1828 1798 1859 con-
1829 1813 1889 1858 75

114 1890 370 1949 sequentia
411 1888 532 1949 dico,
574 1886 828 1936 ἀκόλουθα
870 1882 968 1954 (est
1009 1890 1136 1935 enim
1180 1903 1477 1948 consequens
1526 1887 1800 1948 sapientiae

46 1977 88 2009 25
112 1955 349 2027 bonitas),
388 1963 478 2009 illa
516 1963 848 2024 insequentia,
896 1961 1233 2025 παρεπόμενα,
1283 1978 1407 2023 quae
1446 1963 1619 2022 postea
1666 1962 1801 2009 facta

113 2040 228 2083 sunt·
267 2040 353 2083 aut
392 2037 574 2083 futura.
614 2053 702 2084 nec
727 2053 836 2085 sum
867 2037 926 2084 de
958 2029 1238 2084 nomi‘nibus
1264 2038 1458 2096 anxius:
1498 2039 1639 2083 vocet
1671 2037 1800 2082 enim

111 2112 169 2157 ut
215 2111 429 2158 voluerit
477 2112 697 2173 quisque,
753 2112 869 2158 dum
916 2113 990 2158 vis
1036 2127 1199 2158 rerum
1253 2112 1364 2172 ipsa
1417 2111 1683 2157 manifesta
1736 2111 1801 2165 sit

113 2187 451 2247 appareatque
491 2185 583 2233 hoc
621 2187 873 2247 temporis,
913 2185 1039 2231 illud
1079 2200 1181 2232 esse
1220 2187 1442 2231 naturae.
1490 2185 1661 2245 itaque
1701 2200 1799 2231 non
1829 2183 1890 2227 76

114 2258 284 2306 dubito
331 2259 450 2306 haec
500 2275 693 2320 quoque
745 2257 992 2320 (vocare)
1040 2260 1410 2320 consequentia,
1467 2259 1693 2319 quamvis
1743 2274 1800 2303 ex

46 2348 90 2380 30
113 2333 362 2394 prioribus
403 2333 521 2380 dent
561 2338 907 2397 argumentum
940 2333 1002 2381 ad
1035 2350 1106 2393 ea,
1147 2349 1270 2394 quae
1305 2335 1548 2392 secuntur,
1590 2348 1802 2393 quorum

235 2523 257 2561 7
293 2519 338 2562 cf
370 2518 460 2563 Cic.
496 2519 606 2576 Top.
646 2524 714 2572 10,
749 2524 802 2562 42
838 2547 893 2551 —
929 2524 983 2562 10
1015 2519 1077 2562 ib.
1113 2522 1159 2562 et
1190 2519 1260 2562 De
1292 2519 1382 2562 inv,
1419 2525 1456 2572 1,
1492 2523 1544 2561 31

233 2687 258 2725 3
291 2682 340 2725 in
370 2685 618 2738 utramque
650 2685 833 2738 part-em
865 2697 931 2726 om
966 2691 1003 2724 A
1096 2687 1120 2724 5
1155 2682 1197 2725 ei
1230 2696 1295 2725 om
1330 2690 1367 2723 Α
1461 2686 1485 2723 6
1521 2680 1726 2737 coeperit
1759 2689 1804 2723 P

233 2747 258 2784 8
290 2742 452 2797 utique
485 2756 551 2785 om
586 2750 622 2783 ,1
767 2747 822 2785 10
855 2755 911 2785 ex
943 2756 1013 2785 om
1045 2750 1082 2783 Α
1229 2745 1282 2784 18
1316 2740 1430 2784 item
1462 2749 1506 2782 P
1625 2745 1679 2783 23
1712 2741 1799 2782 im-

112 2800 412 2844 mutabilium
443 2801 574 2845 Alea.-
604 2801 1016 2844 innumerabilium
1124 2806 1178 2843 25
1211 2800 1512 2856 παρεπόμενα
1551 2801 1800 2843 Victorius:

111 2873 425 2916 paregomena
546 2865 600 2903 26
635 2862 717 2903 aut
747 2868 852 2903 BP:
888 2874 942 2903 ac
973 2869 1010 2902 A
1163 2864 1217 2902 29
1249 2873 1412 2902 vocare
1446 2860 1539 2902 add
1571 2859 1800 2915 Spalding
