2007 3120
683 66 739 110 Π.
773 71 812 120 3,
846 70 1004 108 2—12.
1040 70 1080 119 4,
1118 71 1244 109 1—2.
1748 64 1814 115 77

125 208 326 271 ingenio
367 208 528 254 minus
576 207 724 266 valet,
775 207 868 253 hoc
919 222 969 253 se
1022 207 1184 268 magis
1237 206 1464 253 attollere
1513 209 1560 252 et
1608 205 1817 252 dilatare

127 285 350 342 conatur,
389 284 445 328 ut
484 283 677 329 statura
723 281 894 327 breves
940 282 993 326 in
1041 279 1225 342 digitos
1275 281 1532 342 eriguntur
1580 282 1629 325 et
1675 279 1819 339 plura

125 356 313 403 infirmi
350 357 614 402 minantur.
655 371 770 401 nam
810 353 1026 401 tumidos
1067 357 1116 400 et
1156 356 1411 414 corruptos
1454 356 1502 399 et
1525 353 1746 400 tinnulos
1771 355 1821 399 et
1874 359 1904 401 9

130 446 438 492 quocumque
480 430 578 476 alio
620 428 892 475 cacozeliae
932 444 1108 490 genere
1147 430 1406 489 peccantes
1447 430 1634 474 certum
1658 427 1817 473 habeo

82 521 102 553 5
127 521 228 552 non
266 504 460 563 virium,
501 503 586 550 sed
625 502 932 549 infirmitatis
958 502 1081 549 vitio
1114 502 1353 562 laborare,
1392 504 1450 548 ut
1483 517 1690 562 corpora
1720 517 1820 547 non

128 579 318 638 robore,
371 578 454 624 sed
507 577 792 625 valetudine
847 576 1098 637 inflantur,
1164 578 1212 622 et
1280 578 1413 623 recto
1469 577 1646 622 itinere
1699 576 1819 622 lassi

127 653 416 713 plerumque
458 652 733 698 devertunt.
775 651 869 697 erit
910 666 1024 713 ergo
1066 651 1217 697 etiam
1257 650 1523 709 obscurior,
1565 665 1661 710 quo
1687 651 1820 710 quis-

128 743 222 788 que
263 727 487 773 deterior.

240 801 353 846 Non
393 799 572 847 excidit
611 799 748 858 mihi,
788 798 1039 860 scripsisse
1087 815 1164 845 me
1212 801 1264 845 in
1310 798 1437 845 libro
1484 799 1661 859 priore,
1710 814 1821 844 cum
1847 802 1911 846 10

61 893 104 923 10
127 874 373 936 potiorem
412 875 461 920 in
504 874 682 921 scholis
724 873 1051 920 eruditionem
1092 889 1196 920 esse
1238 889 1387 933 quam
1427 872 1560 919 domi
1593 872 1820 931 dicerem,

128 949 362 996 libentius
404 964 452 995 se
493 949 655 1009 prima
695 947 859 995 studia
897 950 1190 1008 tenerosque
1229 948 1478 1008 profectus
1513 947 1575 993 ad
1613 948 1820 993 imitati-

129 1039 272 1070 onem
311 1022 775 1083 condiscipulorum,
817 1038 942 1082 quae
989 1021 1187 1069 facilior
1235 1025 1375 1081 esset,
1425 1021 1636 1083 erigere:
1689 1020 1822 1082 quod

129 1113 159 1143 a
200 1096 495 1158 quibusdam
536 1098 606 1144 sic
647 1098 806 1157 accipi
829 1098 1004 1157 potest,
1044 1099 1304 1157 tamquam
1335 1096 1470 1155 haec,
1512 1111 1660 1156 quam
1692 1111 1822 1142 nunc

127 1173 285 1231 tueor,
326 1172 568 1218 Sententia
608 1172 766 1232 priori
804 1170 1000 1217 diversa
1041 1173 1117 1218 sit.
1158 1170 1210 1216 id
1251 1186 1279 1217 a
1318 1187 1394 1217 me
1434 1170 1606 1231 procul
1640 1169 1820 1229 aberit3

62 1263 103 1294 15
128 1262 342 1307 namque
394 1262 450 1292 ea
503 1261 650 1292 causa
703 1245 783 1292 vel
837 1247 1055 1292 maxima
1111 1248 1208 1304 est,
1261 1260 1347 1291 cur
1401 1246 1590 1305 optimo
1647 1246 1822 1305 cuique
1849 1247 1908 1291 11

128 1319 438 1382 praeceptori
478 1321 543 1366 sit
580 1319 849 1366 tradendus
889 1336 1025 1380 puer,
1074 1319 1205 1380 quod
1253 1319 1384 1380 apud
1433 1335 1541 1365 eum
1592 1319 1822 1380 discipuli

131 1410 326 1455 quoque
365 1395 542 1441 melius
582 1394 803 1441 instituti
843 1397 931 1441 aut
972 1393 1150 1453 dicent,
1204 1394 1337 1454 quod
1387 1393 1563 1440 inutile
1611 1409 1709 1440 non
1759 1393 1823 1439 sit

128 1469 331 1529 imitari,
373 1471 460 1515 aut
500 1470 542 1515 si
582 1469 700 1529 quid
740 1470 1025 1527 erraverint,
1067 1468 1238 1515 statim
1279 1468 1607 1530 corrigentur:
1659 1470 1712 1514 at
1749 1467 1822 1513 in-

131 1543 303 1590 doctus
342 1543 427 1589 ille
468 1543 618 1589 etiam
658 1543 891 1603 probabit
930 1543 1139 1590 fortasse
1178 1543 1360 1589 vitiosa
1401 1544 1450 1589 et
1495 1542 1690 1603 placere
1739 1557 1822 1588 au-

61 1635 105 1666 20
131 1616 378 1664 dientibus
419 1617 602 1664 iudicio
645 1632 730 1664 suo
773 1620 926 1679 coget.
970 1619 1035 1663 sit
1075 1633 1191 1679 ergo
1231 1620 1336 1663 tam
1362 1617 1645 1677 eloquentia
1672 1632 1823 1677 quam
1850 1618 1911 1661 12

129 1691 349 1739 moribus
420 1693 902 1752 praestantissimus,
977 1691 1062 1751 qui
1126 1692 1185 1737 ad
1250 1691 1507 1738 Phoenicis
1571 1690 1824 1738 Homerici

131 1766 408 1827 exemplum
450 1766 610 1813 dicere
652 1781 708 1814 ac
748 1767 908 1813 facere
949 1765 1136 1812 doceat.

189 1892 288 1949 [DE
326 1892 530 1935 PRIMIS
569 1892 732 1934 APUD
774 1891 1113 1935 RHETOREM
1154 1891 1774 1948 EXERCITATIONIBUS]

242 2002 327 2049 IV.
368 2002 497 2050 Hinc
536 2004 651 2061 iam,
693 2019 814 2064 quas
855 2005 1041 2065 primas
1089 2006 1141 2050 in
1190 2003 1406 2050 docendo
1454 2005 1612 2064 partis
1659 2003 1820 2049 rheto-
1882 2004 1907 2047 1

62 2093 105 2125 25
129 2094 240 2123 rum
279 2080 463 2138 putem,
502 2077 696 2124 tradere
736 2079 975 2138 incipiam
1023 2079 1179 2125 dilata
1232 2095 1499 2139 parumper
1545 2078 1649 2136 illa,
1697 2093 1822 2139 quae

132 2152 239 2199 sola
292 2152 440 2214 Vulgo
496 2154 722 2210 vocatur,
776 2156 879 2199 arte
932 2153 1199 2200 rhetorica:
1256 2169 1311 2200 ac
1351 2153 1469 2199 mihi
1516 2155 1822 2213 opportunus

131 2226 343 2273 maxime
384 2225 582 2273 videtur
620 2226 868 2289 ingressus
911 2227 970 2274 ab
1005 2243 1075 2286 eo,
1117 2229 1254 2274 cuius
1289 2227 1478 2288 aliquid
1505 2227 1665 2274 simile
1692 2226 1824 2288 apud

131 2301 481 2363 grammaticos
522 2316 643 2361 puer
682 2300 922 2348 didicerit.

244 2375 309 2421 Et
349 2376 465 2436 quia
514 2376 869 2433 narrationum,
919 2378 1122 2437 excepta
1170 2392 1269 2436 qua
1315 2375 1366 2421 in
1416 2376 1575 2422 causis
1623 2375 1824 2435 utimur,
1883 2376 1912 2419 2

65 2465 108 2496 30
130 2449 223 2496 tris
265 2449 532 2510 accipimus
574 2451 774 2510 species,
814 2450 1099 2511 fabulam,
1143 2466 1266 2511 quae
1304 2452 1531 2497 versatur
1554 2450 1607 2496 in
1629 2452 1824 2512 tragoe-

133 2522 227 2570 diis
269 2526 420 2584 atque
461 2524 762 2571 carminibus
803 2540 899 2572 non
940 2540 968 2571 a
1009 2524 1220 2571 veritate
1259 2524 1427 2583 modo,
1480 2524 1563 2571 sed
1604 2525 1756 2571 etiam
1796 2539 1825 2569 a

134 2597 296 2644 forma
334 2599 560 2645 Veritatis
599 2600 804 2658 remota,
846 2602 1282 2661 argumentum,
1336 2598 1467 2660 quod
1505 2599 1701 2658 falsum,
1743 2598 1825 2645 sed

133 2687 247 2718 vero
304 2671 463 2718 simile
511 2673 790 2720 comoediae
845 2673 1054 2735 fingunt,
1109 2673 1452 2734 historiam,
1506 2674 1558 2719 in
1607 2688 1704 2734 qua
1752 2675 1826 2719 est

133 2747 302 2807 gestae
341 2747 414 2792 rei
454 2747 710 2807 expositio,
751 2747 1088 2808 grammaticis
1130 2750 1296 2795 autem
1326 2749 1546 2808 poeticas
1581 2747 1824 2793 dedimus:

255 2890 308 2928 17
343 2885 524 2930 discent
556 2896 583 2928 b
706 2892 761 2929 30
795 2889 1057 2943 accepimus
1090 2897 1126 2930 A
