2012 3151
814 61 889 105 V1.
924 67 963 116 5,
998 67 1155 105 2—11.
1715 65 1820 116 357

140 220 281 251 aures
321 205 371 251 et
408 205 586 250 natura
627 201 934 262 sequebatur,
974 204 1031 248 ut
1069 202 1275 249 meliora
1314 202 1570 262 probantis
1601 205 1824 264 peiorum

138 277 425 339 paeniteret.
469 275 716 324 Ciceronis
758 275 954 336 quidem
994 276 1075 322 vel
1113 291 1213 321 una
1251 291 1340 336 pro
1384 274 1610 324 Cluentio
1652 292 1819 337 quam·
1853 279 1883 322 9

138 351 260 398 libet
299 351 469 397 multis
520 350 753 410 exemplis
805 348 1017 396 sufficiet
1071 349 1243 397 oratio.
1306 364 1423 396 nam
1477 350 1607 410 quod
1661 352 1715 396 in
1769 366 1825 397 60

139 425 401 472 consilium
455 426 667 470 maxime
729 421 911 469 mirer?
965 424 1240 484 primamne
1296 423 1671 484 expositionem,
1729 440 1827 485 qua

94 516 114 548 5
139 500 303 557 matri,
360 498 496 546 cuius
543 497 700 544 filium
747 496 1003 559 premebat
1051 498 1344 556 auctoritas,
1400 497 1608 545 abstulit
1646 496 1827 544 fidem‘?

139 588 217 632 an,
258 572 390 634 quod
413 571 585 620 iudicii
625 572 844 632 corrupti
883 572 1067 618 crimen
1105 570 1373 617 transferre
1405 572 1457 617 in
1491 571 1825 619 adversarium

138 647 320 693 maluit
360 662 509 707 quam
547 661 727 708 negare
775 647 979 707 propter
1024 645 1369 704 inveteratam,
1423 648 1479 692 ut
1528 647 1634 706 ipse
1690 645 1824 703 dicit,

137 718 432 767 infamiam?
474 736 551 780 an,
592 719 723 781 quod
760 719 811 765 in
850 734 904 766 re
942 719 1189 767 invidiosa
1227 719 1351 780 legis
1393 719 1576 766 auxilio
1617 721 1825 767 novissi-

136 811 214 842 me
263 798 337 842 est
382 792 539 841 usus‘?
601 809 697 855 quo
746 809 920 855 genere
976 792 1272 840 defensionis
1328 795 1480 840 etiam
1542 793 1825 840 offendisset

72 885 114 916 10
138 869 357 915 nondum
395 868 734 930 praemollitas
774 866 994 913 iudicum
1032 869 1233 914 mentes.
1284 882 1362 926 an,
1404 867 1535 928 quod
1574 883 1624 915 se
1663 867 1826 928 ipsum

136 943 295 990 invito
353 941 579 988 Cluentio
642 942 803 988 facere
857 943 1071 988 testatus
1128 939 1233 989 est?
1289 940 1409 1002 quid
1462 958 1551 1002 pro
1607 940 1826 989 Milone?
1851 941 1914 985 10

136 1015 268 1077 quod
307 1031 405 1063 non
446 1019 559 1063 ante
598 1016 837 1074 narravit,
879 1031 1029 1076 quam
1065 1015 1383 1075 praeiudiciis
1424 1015 1652 1062 omnibus
1683 1032 1824 1062 reum

134 1088 402 1136 liberaret?
455 1089 587 1150 quod
640 1089 932 1137 insidiarum
979 1088 1224 1136 invidiam
1275 1090 1329 1135 in
1378 1088 1604 1136 Clodium
1658 1092 1824 1148 vertit,

137 1179 441 1225 quamquam
487 1180 539 1210 re
578 1180 697 1211 vera
736 1164 900 1210 fuerat
946 1179 1116 1226 pugna
1167 1161 1410 1210 fortuita‘.>
1459 1163 1590 1225 quod
1636 1164 1824 1211 factum

70 1255 111 1287 15
136 1242 186 1284 et
235 1238 461 1285 laudavit
509 1241 558 1284 et
611 1240 778 1285 tamen
828 1238 1086 1284 voluntate
1136 1238 1337 1285 Milonis
1392 1236 1636 1285 removit?
1692 1238 1825 1299 quod

133 1312 212 1358 illi
251 1327 420 1373 preces
459 1328 559 1359 non
599 1312 735 1359 dedit
782 1314 831 1359 et
876 1313 929 1358 in
969 1327 1141 1358 earum
1194 1312 1359 1359 locum
1397 1314 1503 1373 ipse
1556 1311 1822 1360 successit?

132 1385 384 1433 infinitum
424 1389 496 1433 est
521 1401 821 1445 enumerare,
859 1389 917 1432 ut
951 1385 1124 1434 Cottae
1158 1385 1426 1433 detraxerit
1459 1387 1822 1445 auctoritatem,

133 1463 190 1507 ut
229 1476 319 1522 pro
358 1460 563 1522 Ligario
603 1476 653 1507 se
695 1461 996 1522 opposuerit,
1039 1458 1322 1507 Cornelium
1360 1462 1471 1522 ipsa
1503 1462 1822 1509 confessionis

52 1593 56 1596 ι
133 1533 316 1581 fiducia
357 1536 605 1595 eripuerit.
646 1534 772 1581 illud
811 1533 970 1581 dicere
1011 1535 1132 1582 satis
1171 1534 1351 1595 habeo,
1397 1535 1524 1582 nihil
1572 1550 1675 1583 esse
1725 1551 1822 1582 non
1851 1535 1909 1578 11

68 1625 111 1657 ‘20
134 1609 278 1656 modo
318 1610 372 1655 in
411 1609 612 1669 orando,
654 1608 739 1656 sed
775 1610 829 1655 in
869 1609 1002 1655 omni
1042 1610 1148 1655 vita
1186 1610 1322 1669 prius
1365 1609 1584 1669 consilio,
1617 1609 1823 1657 frustra-

135 1698 229 1743 que
270 1684 373 1730 sine
416 1698 470 1730 eo
509 1682 645 1730 tradi
683 1685 868 1730 ceteras
909 1683 1045 1743 artis,
1084 1683 1297 1744 plusque
1337 1683 1415 1730 vel
1455 1685 1558 1731 sine
1600 1683 1824 1731 doctrina

133 1756 450 1818 prudentiam
490 1773 639 1818 quam
680 1758 782 1803 sine
822 1757 1086 1817 prudentia
1125 1758 1285 1804 facere
1320 1757 1610 1805 doctrinam.
1653 1759 1824 1819 aptare

134 1830 286 1877 etiam
327 1832 601 1879 orationem
639 1832 775 1890 locis,
813 1832 1150 1892 temporibus,
1197 1833 1419 1893 personis
1476 1836 1550 1880 est
1605 1832 1824 1880 eiusdem

133 1906 350 1953 virtutis.
391 1905 475 1953 sed
518 1906 600 1953 hic
647 1906 765 1967 quia
816 1906 969 1953 latius
1028 1907 1165 1954 fusus
1222 1910 1295 1953 est
1349 1907 1484 1954 locus
1538 1908 1822 1968 mixtusque

69 1995 111 2028 25
137 1994 248 2026 cum
288 1979 579 2040 elocutione,
619 1980 941 2039 tractabitur,
990 1995 1103 2027 cum
1149 1981 1431 2042 praecipere
1481 1981 1538 2027 de
1592 1984 1706 2042 apte
1754 1981 1824 2027 di-

137 2053 288 2101 cendo
331 2056 648 2115 coeperimus.

257 2200 280 2237 7
312 2210 357 2250 p.
392 2194 569 2238 Cluent.
606 2200 644 2250 1,
680 2201 701 2238 1

255 2333 280 2371 3
314 2328 515 2372 sufficiet
547 2346 598 2372 a:
633 2329 868 2373 sufficeret
898 2337 983 2372 PV
1008 2329 1297 2373 sufficeretur
1319 2335 1433 2374 A?G
1464 2329 1753 2374 sufficientur
1778 2337 1830 2372 11

256 2392 309 2430 15
342 2388 631 2431 voluntatem
662 2397 781 2431 Pro
814 2402 841 2431 a
871 2389 1114 2432 voluntate
1145 2404 1245 2434 corr
1276 2398 1313 2431 A
