2055 3130
257 73 366 124 284
805 73 1179 125 QVINTILIANI
1207 73 1355 117 INST.
1391 74 1483 118 OR.

259 212 317 257 de
356 228 407 257 re
454 213 606 258 locuti
653 227 820 258 sumus
869 213 922 258 in
967 214 1205 273 prooemii
1251 215 1300 259 et
1345 214 1593 261 suasoriae
1640 216 1928 275 praeceptis.

170 292 231 335 12
259 286 414 331 altera
463 300 519 331 ex
573 284 913 332 adfirmatione
963 286 1190 346 probatio
1246 289 1340 333 est:
1397 283 1505 348 ‘ego
1559 287 1651 334 hoc
1704 287 1818 334 feci:
1871 289 1931 333 tu

255 358 378 404 mihi
438 358 527 405 hoc
606 354 806 417 dixist1’,
871 360 919 404 et
986 355 1032 405 ‘o
1104 358 1293 406 facinus
1360 356 1660 423 indignum!’
1727 360 1930 420 similia,

258 447 381 491 quae
422 447 519 478 non
574 430 752 477 debent
799 431 999 492 quidem
1046 431 1209 479 deesse
1261 434 1475 479 orationi
1527 435 1588 493 et,
1644 433 1685 479 si
1739 432 1929 493 desunt,

256 505 468 550 multum
522 506 720 564 nocent,
770 520 867 551 non
917 507 1084 551 tamen
1134 505 1359 552 habenda
1410 508 1525 552 sunt
1574 507 1703 553 inter
1749 521 1930 568 magna

255 577 518 638 praesidia,
559 592 667 624 cum
706 578 798 623 hoc
837 578 889 624 in
930 579 1098 624 eadem
1137 593 1284 625 causa
1322 578 1426 625 fieri
1459 595 1515 626 ex
1547 581 1758 640 utraque
1789 582 1929 640 parte

169 657 231 701 13
258 650 486 697 similiter
523 652 693 711 possit.
733 652 849 697 illae
889 650 1126 699 firmiores
1167 668 1222 699 ex
1255 667 1344 699 sua
1375 653 1550 713 cuique
1582 668 1789 712 persona
1820 668 1930 714 pro-

255 723 494 778 bationes,
534 739 657 784 quae
700 723 981 771 credibilem
1019 726 1263 772 rationem
1311 725 1581 772 subiectam
1625 725 1829 772 habent:
1874 727 1932 772 ut

255 797 542 844 vulneratus
584 799 670 844 aut
707 797 809 844 filio
850 798 1051 844 orbatus
1090 813 1188 844 non
1227 799 1376 845 fuerit
1415 799 1567 845 alium
1616 801 1930 846 accusaturus

258 886 406 930 quam
467 873 737 929 nocentem,
799 871 1009 931 quando,
1071 871 1112 918 si
1172 873 1426 934 negotium
1486 872 1736 920 innocenti
1795 871 1929 931 facit,

256 943 433 990 liberet
472 960 582 990 eum
622 959 762 1003 noxa,
803 946 888 1005 qui
929 945 1191 992 admiserit.
1247 946 1362 992 hinc
1402 947 1450 992 et
1488 948 1652 1006 patres
1700 946 1930 993 adversus

258 1017 437 1064 liberos
478 1020 526 1064 et
566 1017 798 1064 adversus
839 1033 950 1064 suos
992 1020 1199 1079 quisque
1239 1019 1534 1066 necessarios
1587 1020 1931 1066 auctoritatem

254 1094 444 1151 petunt.

171 1169 234 1213 14
371 1163 657 1219 Quaesitum
713 1166 885 1224 etiam,
955 1166 1299 1225 potentissima
1365 1168 1654 1229 argumenta
1709 1166 1930 1226 primone

255 1237 482 1298 ponenda
514 1239 612 1285 sint
644 1238 765 1297 loco,
805 1241 860 1284 ut
893 1243 1127 1300 occupent
1160 1241 1361 1299 animos,
1395 1255 1457 1285 an
1490 1255 1692 1298 summo,
1731 1241 1788 1286 ut
1818 1239 1930 1286 inde

256 1311 527 1370 dimittant,
567 1326 630 1358 an
661 1313 849 1372 partita
873 1313 1032 1372 primo
1058 1327 1364 1373 summoque,
1403 1316 1461 1359 ut
1484 1313 1745 1361 Homerica
1770 1312 1931 1374 dispo-

256 1384 433 1432 sitione
472 1384 522 1430 in
563 1384 724 1431 medio
764 1387 864 1432 sint
913 1385 1107 1432 infirma
1148 1388 1196 1433 et
1236 1402 1264 1432 a
1302 1386 1477 1433 vicinis
1518 1389 1750 1434 crescant.
1792 1402 1932 1447 quae,

255 1461 403 1518 prout
433 1458 561 1505 ratio
596 1473 770 1505 causae
811 1460 1045 1520 cuiusque
1085 1459 1371 1520 postulabit,
1411 1460 1781 1519 ordinabuntur,
1820 1475 1932 1518 uno,

260 1534 315 1577 ut
356 1547 445 1593 ego
487 1546 670 1590 censeo,
726 1536 940 1592 excepto,
990 1549 1050 1579 ne
1092 1549 1120 1580 a
1158 1534 1511 1594 potentissimis
1568 1533 1629 1580 ad
1681 1533 1931 1580 levissima

261 1604 509 1651 decrescat
549 1607 721 1653 oratio.

172 1685 232 1728 15
371 1679 476 1741 Ego
516 1679 633 1725 haec
671 1679 884 1726 breviter
931 1680 1287 1727 demonstrasse
1339 1682 1594 1727 contentus
1648 1682 1722 1727 ita
1774 1681 1930 1740 posui,

259 1754 314 1797 ut
353 1752 483 1799 locos
522 1754 656 1812 ipsos
699 1755 747 1799 et
785 1769 964 1815 genera
1006 1769 1152 1814 quam
1191 1769 1384 1815 possem
1426 1754 1730 1814 apertissime
1771 1755 1930 1801 osten-

257 1825 434 1872 derem.
495 1826 696 1886 quidam
752 1827 965 1874 exsecuti
1021 1831 1134 1874 sunt
1186 1827 1452 1887 verbosius,
1509 1827 1685 1888 quibus
1728 1828 1930 1887 placuit,

255 1899 511 1959 proposita
549 1900 765 1946 locorum
806 1903 1132 1947 communium
1171 1902 1400 1960 materia,
1442 1918 1536 1962 quo
1586 1916 1806 1962 quaeque
1854 1916 1929 1948 res

255 1972 400 2019 modo
442 1972 537 2019 dici
577 1976 754 2033 posset,
796 1974 1063 2034 ostendere,
1115 1975 1197 2022 sed
1237 1975 1359 2021 mihi
1399 1990 1758 2035 supervacuum
1795 1974 1929 2021 vide-

171 2053 234 2096 16
258 2045 416 2092 batur.
465 2062 580 2093 nam
622 2049 670 2094 et
708 2048 808 2094 fere
860 2052 1086 2108 apparet,
1142 2048 1259 2108 quid
1306 2050 1357 2094 in
1404 2050 1648 2108 iniuriam,
1707 2047 1826 2108 quid
1879 2049 1931 2093 in

257 2119 535 2179 avaritiam,
598 2120 716 2181 quid
765 2122 816 2167 in
864 2125 1040 2168 testem
1094 2123 1368 2180 inimicum,
1432 2122 1548 2183 quid
1601 2123 1650 2167 in
1705 2123 1930 2182 potentes

263 2193 443 2240 amicos
484 2194 741 2241 dicendum
782 2196 860 2254 sit,
901 2198 948 2242 et
988 2195 1046 2241 de
1087 2195 1309 2243 omnibus
1349 2196 1423 2243 his
1464 2197 1627 2242 omnia
1660 2195 1818 2242 dicere
1856 2196 1930 2240 in-

255 2266 448 2313 finitum
489 2271 575 2326 est,
624 2271 728 2314 tam
767 2269 962 2315 hercule
1012 2284 1158 2329 quam
1206 2271 1247 2316 si
1295 2270 1757 2327 controversiarum,
1804 2283 1928 2329 quae

377 2427 428 2464 16
462 2422 512 2464 11.
547 2428 586 2474 4,
621 2427 705 2464 299

379 2576 398 2612 1
434 2585 481 2612 in
522 2572 716 2628 Regius:
757 2574 803 2613 et
984 2577 1008 2613 2
1042 2571 1188 2614 altera
1228 2579 1331 2613 BP:
1380 2584 1472 2614 ozon
1512 2570 1738 2625 quadrare
1777 2569 1932 2612 docuit

257 2629 483 2686 Spalcliny
530 2630 677 2672 altera
724 2630 823 2685 lipa
862 2639 929 2671 Ab
977 2634 1047 2685 (z
1083 2630 1230 2672 altera-
1279 2630 1436 2683 aliqua
1483 2630 1722 2685 Spaldiny)
1771 2627 1930 2682 aliqua

255 2689 560 2743 reponendum
585 2695 698 2744 puto
727 2692 732 2744 Ι
760 2689 973 2744 probatio
1007 2692 1077 2732 est
1109 2705 1173 2733 om
1209 2698 1276 2730 ΑΙ,
1412 2692 1436 2730 3
1471 2691 1516 2730 et
1548 2687 1717 2730 similia
1749 2694 1793 2728 P

258 2751 281 2787 7
317 2747 536 2802 cuiusque
570 2756 614 2789 P
748 2753 797 2790 11
834 2750 879 2790 et
910 2751 1064 2803 patres
1097 2751 1143 2790 et
1174 2749 1279 2790 [31¹¹
1402 2752 1453 2789 17
1489 2749 1535 2788 et
1567 2759 1593 2788 a
1624 2745 1806 2802 vicinis]
1847 2747 1930 2786 aut

256 2807 326 2854 (ut
358 2813 414 2860 P)
449 2806 614 2848 animis
647 2808 766 2858 libri,
799 2808 968 2850 Becher
999 2809 1040 2850 ci
1072 2810 1115 2849 et
1143 2809 1315 2862 (atque)
1342 2806 1399 2848 ab
1432 2805 1526 2848 illis
1647 2809 1699 2846 27
1733 2805 1782 2846 in
1814 2803 1927 2845 ami-

256 2877 332 2906 cos
358 2866 570 2919 potentes
597 2872 660 2908 N:
687 2867 900 2921 potentes
919 2866 1090 2908 amicos
1107 2873 1243 2921 Bpro
1262 2867 1378 2908 teste
1397 2865 1544 2907 amico
1571 2872 1614 2906 P
1627 2870 1781 2907 etcum
1797 2876 1875 2906 ras
1889 2870 1927 2903 A

1955 889 1999 921 10

1957 1255 1999 1287 15

2045 1463 2049 1484 -.
2042 1337 2049 1434 ..Μ-ψ.4>

1957 1623 2000 1653 20

1956 1989 1998 2020 25
