2055 3130
88 519 107 550 5

67 888 109 919 10

70 1256 111 1288 15

73 1627 114 1658 20

76 1996 116 2028 25

780 65 835 107 V.
871 69 939 118 14,
975 69 1160 107 15-25.
1705 63 1816 115 303

134 208 349 269 sumptio
376 209 464 252 aut
490 205 751 263 conclusio,
775 220 1147 264 nonnumquam
1174 203 1351 250 omnia.
1373 198 1480 266 [sed
1507 204 1671 249 omnia
1694 202 1816 249 haec

132 283 231 328 tria
264 275 416 342 sunt]
456 280 669 326 intent-io
704 280 1035 340 expugnatur:
1079 273 1201 323 ‘iure
1235 276 1391 324 occidi
1424 293 1549 335 eum,
1583 276 1667 336 qui
1698 276 1815 322 insi-

135 355 298 402 diatus
332 349 438 412 sit'3
472 369 586 400 nam
611 353 772 413 prima
806 353 974 398 statim
1010 351 1233 411 quaestio
1266 365 1355 411 pro
1387 350 1572 396 Milone
1605 352 1700 396 est:
1734 344 1817 396 ‘an

134 430 179 475 ei
217 429 293 475 fas
341 429 405 474 sit
451 427 612 472 lucem
651 427 848 484 int-ueri,
891 426 975 485 qui
1008 440 1037 471 a
1070 440 1119 471 se
1157 425 1406 471 hominem
1445 425 1675 470 necatum
1716 437 1817 470 esse
1843 422 1907 465 21

132 497 383 549 fateatur'.
417 503 727 561 expugnatur
759 499 1038 559 adsumptio
1073 498 1297 545 omnibus
1330 498 1406 558 iis,
1441 513 1564 558 quae
1599 497 1656 544 de
1688 497 1817 544 refu-

132 577 321 622 tatione
355 574 578 620 diximus.
614 576 662 620 et
685 573 814 619 ratio
849 572 1047 633 quidem
1070 588 1339 633 numquam
1374 573 1447 618 est
1477 586 1608 630 vera,
1641 571 1738 617 nisi
1770 572 1820 617 et

131 648 404 711 propositio
429 663 547 693 vera
573 648 657 705 sit,
683 647 882 693 interim
902 662 1042 693 verae
1067 647 1424 708 propositionis
1441 646 1568 692 falsa
1584 646 1713 691 ratio
1732 648 1818 703 est,

133 725 193 770 ut
227 719 404 769 ‘virtus
435 721 616 767 bonum
651 716 741 768 est'
776 736 948 767 verum
982 721 1076 767 est:
1108 721 1150 767 51
1184 721 1293 781 quis
1325 720 1570 767 rationem
1595 719 1819 777 subiciat,

137 792 290 857 ‘quod
346 811 401 842 ea
448 795 718 855 locupletes
774 790 968 853 faciat',
1023 810 1168 841 verae
1223 794 1512 841 intentionis
1574 793 1701 840 falsa
1756 794 1820 838 sit

132 870 274 917 ratio.
317 871 515 918 conexio
558 872 722 915 autem
762 872 849 915 aut
891 883 1003 915 vera
1043 870 1266 930 negatur,
1308 884 1418 914 cum
1460 867 1597 914 aliud
1630 867 1822 928 colligit
1847 873 1914 917 22

137 960 284 1005 quam
303 944 369 1003 id,
396 943 524 1004 quod
551 959 606 989 ex
623 943 869 1004 prioribus
889 941 1114 1001 efficitur,
1141 944 1227 988 aut
1250 942 1375 987 nihil
1395 942 1455 987 ad
1483 942 1820 1002 quaestionem

136 1019 317 1066 dicitur
354 1019 614 1078 pertinere.
655 1032 752 1063 non
794 1019 867 1063 est
905 1031 1023 1063 vera
1063 1017 1191 1063 sicut
1220 1016 1362 1063 haec:
1404 1011 1686 1062 ‘insidiator
1716 1016 1823 1061 iure

137 1092 397 1152 occiditur}
453 1107 569 1137 nam
610 1106 718 1137 cum
760 1092 891 1137 vitae
942 1091 1045 1136 vim
1101 1090 1293 1137 adferat
1346 1092 1403 1136 ut
1459 1089 1628 1148 hostis,
1681 1088 1823 1135 debet-

138 1168 287 1213 et-iam
337 1165 513 1226 repelli
566 1167 622 1212 ut
674 1165 851 1212 hostis:
906 1166 1036 1212 recte
1092 1166 1248 1227 igitur
1304 1162 1502 1210 Clodius
1557 1167 1613 1209 ut
1667 1162 1823 1209 hostis

138 1240 323 1288 occisus
365 1235 482 1298 est’3
531 1255 628 1286 non
679 1240 867 1299 utique,
914 1238 1131 1285 nondum
1173 1238 1303 1285 enim
1345 1237 1570 1284 Clodium
1620 1236 1822 1284 insidia-

136 1317 295 1362 torem
336 1313 652 1361 ostendimus.
694 1313 776 1360 sed
815 1313 871 1359 fit
911 1329 1027 1360 vera
1069 1314 1291 1359 conexio:
1333 1308 1482 1359 ‘recte
1514 1312 1669 1374 igitur
1706 1312 1824 1357 insi-

138 1388 302 1435 diator
340 1390 396 1434 ut
434 1388 590 1435 hostis
643 1383 923 1447 occiditur’3
978 1387 1104 1433 nihil
1159 1387 1221 1432 ad
1271 1402 1374 1445 nos,
1425 1386 1643 1432 nondum
1695 1385 1824 1432 enim

140 1461 340 1509 Clodius
379 1461 643 1508 insidiator
676 1462 896 1522 apparet.
939 1462 1023 1508 sed
1055 1463 1111 1508 ut
1141 1463 1306 1522 potest
1337 1476 1453 1507 vera
1486 1476 1587 1508 esse
1611 1460 1823 1507 intentio
1850 1466 1917 1510 23

61 1550 64 1551 ’
141 1539 189 1583 et
227 1537 354 1582 ratio
397 1539 446 1583 et
491 1538 658 1582 tamen
707 1536 834 1583 falsa
876 1537 1100 1595 conexio,
1147 1537 1242 1594 ita,
1298 1535 1339 1581 si
1377 1535 1466 1580 illa
1517 1534 1646 1581 falsa
1697 1535 1824 1593 sunt,

139 1625 409 1670 numquam
451 1612 525 1656 est
563 1625 680 1656 vera
721 1610 934 1657 conexio.
982 1641 988 1646 ·

251 1685 582 1744 Enthymema
640 1683 699 1731 ab
757 1684 867 1731 aliis
923 1684 1168 1731 oratorius
1224 1683 1554 1744 syllogismus,
1612 1682 1671 1729 ab
1714 1682 1825 1729 aljis
1852 1687 1918 1732 24

140 1773 255 1820 pars
296 1758 477 1804 dicitur
517 1758 806 1821 syllogismi,
847 1760 1111 1819 propterea
1143 1757 1273 1819 quod
1306 1757 1620 1820 syllogismus
1653 1756 1825 1817 utique

141 1833 503 1880 conclusionem
544 1835 591 1879 et
632 1834 1021 1893 propositionem
1060 1832 1207 1879 habet
1248 1834 1296 1878 et
1334 1847 1422 1892 per
1463 1847 1627 1878 omnes
1659 1833 1825 1891 partes

142 1906 295 1953 efficit
336 1907 466 1967 quod
511 1908 794 1967 proposuit,
842 1907 1156 1967 enthymema
1201 1907 1396 1952 tantum
1444 1905 1669 1967 intellegi
1716 1920 1826 1951 con-

142 1983 336 2028 tentum
376 1981 454 2027 sit.
496 1981 812 2042 syllogismus
852 1981 994 2028 talis:
1037 1977 1217 2028 ‘solum
1255 1979 1439 2027 bonum>
1485 1981 1665 2037 virtus,
1711 1994 1825 2025 nam
1852 1985 1922 2029 25

142 2054 191 2100 id
233 2055 431 2101 demum
461 2053 643 2101 bonum
686 2057 772 2116 est,
815 2071 910 2116 quo
950 2070 1092 2101 nemo
1133 2055 1262 2101 male
1302 2055 1379 2100 uti
1416 2056 1600 2114 potest:
1642 2054 1826 2100 virtute

144 2145 288 2176 nemo
320 2129 450 2175 male
482 2130 558 2175 uti
589 2131 767 2189 potest,
806 2129 990 2176 bonum
1025 2131 1097 2176 est
1131 2144 1246 2190 ergo
1278 2123 1470 2175 virtus’.
1514 2127 1829 2189 enthymema

144 2219 200 2250 ex
241 2203 671 2263 consequentibus:
715 2200 914 2250 ‘bonum
956 2206 1028 2250 est
1066 2203 1239 2262 Virtus,
1282 2218 1379 2263 qua
1409 2218 1552 2249 nemo
1584 2202 1714 2248 male
1753 2202 1829 2247 uti

142 2272 341 2339 potest'.
393 2280 442 2323 et
482 2280 674 2324 contra:
732 2273 848 2324 ‘non
901 2280 975 2324 est
1023 2277 1207 2324 bonum
1261 2278 1491 2338 pecunia,
1548 2292 1647 2323 non
1700 2276 1829 2322 enim

266 2468 288 2504 1
323 2464 478 2505 omnia
513 2463 594 2505 sed
627 2463 782 2505 omnia
821 2463 938 2506 haec
970 2463 1061 2506 tria
1102 2465 1209 2505 sunt
1241 2464 1348 2506 libri
1356 2480 1372 2516 ;
1406 2464 1627 2519 puryavit
1662 2461 1837 2505 Gesner

265 2526 289 2563 6
321 2522 620 2564 ratiocinatio
652 2524 724 2566 hic
757 2530 797 2566 et
842 2524 967 2576 infra
1011 2524 1066 2566 Vt
1096 2538 1132 2578 p
1172 2528 1256 2565 415
1286 2525 1291 2578 Ι
1319 2536 1574 2576 numquam
1616 2523 1692 2565 Vt:
1738 2535 1831 2563 non

145 2595 400 2636 numquam
429 2582 434 2638 Ι
462 2582 553 2624 11151
586 2584 631 2625 et
674 2584 754 2626 Vt:
792 2583 864 2624 nis
907 2596 1010 2624 cum
1044 2582 1141 2624 eius
1174 2584 1227 2624 ut-
1263 2590 1297 2623 G
1330 2598 1354 2623 ιιι
1389 2597 1413 2623 *
1448 2597 1473 2622 »ι
1506 2583 1527 2623 t
1557 2589 1595 2622 Α
1629 2581 1694 2623 015
1728 2594 1832 2622 cum

147 2639 214 2682 eis
245 2642 299 2682 ut
331 2648 382 2682 J!
411 2654 516 2683 011111
541 2643 588 2683 et
613 2649 696 2683 ΡΓ
810 2645 836 2683 8
870 2642 951 2684 5οᾱ
984 2641 1022 2685 51
1056 2641 1159 2697 quis
1197 2642 1253 2684 Vt
1375 2645 1427 2682 12
1463 2640 1581 2683 sicut
1605 2640 1721 2682 haec
1755 2640 1833 2682 Vt.-

149 2699 214 2741 sic
367 2703 424 2741 13
453 2714 557 2742 cum
587 2700 712 2743 vitae
752 2701 832 2743 Vt:
871 2701 1050 2743 curavit
1080 2714 1138 2743 ne
1170 2709 1207 2742 A
1239 2700 1320 2755 qui
1353 2700 1531 2742 curavit
1567 2704 1621 2741 ut
1652 2712 1709 2740 ne
1747 2704 1845 2755 Gn·

148 2758 229 2812 qui
261 2759 439 2801 curavit
461 2762 516 2801 ut-
540 2767 623 2801 ΡΥ
739 2764 791 2801 21
827 2760 1055 2802 oratorius
1081 2768 1140 2803 P:
1169 2758 1428 2803 orat-oribus
1454 2759 1535 2802 rell
1656 2762 1709 2799 26
1742 2758 1832 2799 vir-

148 2819 250 2859 tute
282 2830 417 2860 nemo
449 2818 572 2861 male
603 2818 676 2861 uti
707 2820 865 2873 potest
897 2827 950 2872 P,
994 2821 1049 2862 Vt
1083 2835 1118 2875 p
1151 2823 1235 2861 410
1268 2820 1344 2862 sed
1375 2819 1415 2861 is
1446 2818 1616 2859 virtut-e
1655 2818 1810 2859 autem
1822 2833 1838 2857 ;.

152 2890 221 2920 om
254 2884 425 2918 AGMV
541 2882 594 2920 27
629 2879 700 2920 est
732 2886 776 2920 P
814 2880 891 2922 Vt:
923 2893 991 2922 om
1023 2886 1194 2920 Affln·
