2055 3130
226 37 335 89 204
735 28 1109 90 QVINTILIANI
1138 39 1289 83 INST.
1323 39 1414 84 ΟΒ.

228 179 537 238 quaestiones
576 179 678 223 vim
715 179 954 238 prooemii
993 177 1298 238 optinebunt,
1338 195 1448 226 cum
1488 195 1651 227 omnes
1689 180 1902 228 iudicem

226 252 583 311 praepararint.
651 250 734 297 sed
791 265 879 310 pro
929 250 1123 298 Vareno
1187 267 1378 311 quoque
1439 254 1612 312 postea
1678 256 1904 301 narravit

229 339 377 384 quam
417 323 606 370 obiecta
646 323 805 370 diluit.
855 323 984 384 quod
1024 323 1109 370 fiet
1155 325 1365 383 utiliter,
1415 327 1640 385 quotiens
1685 342 1782 372 non
1827 342 1901 374 re-

227 396 506 457 pellendum
546 399 738 443 tantum
781 398 875 442 erit
923 399 1119 457 crimen,
1166 398 1250 444 sed
1299 399 1449 444 etiam
1494 399 1902 460 transferendum,

227 474 282 516 ut
339 469 415 516 his
462 471 598 530 prius
653 469 863 516 defensis
913 470 1052 516 velut
1112 472 1311 518 initium
1361 472 1428 518 sit
1478 472 1611 517 aliud
1670 472 1903 533 culpandi
1949 490 1969 522 5

227 544 462 601 narratio,
513 546 569 589 ut
606 542 658 588 in
698 558 946 590 armorum
984 545 1175 591 ratione
1216 546 1466 604 antiquior
1503 545 1708 592 cavendi
1755 561 1901 606 quam

232 616 383 662 ictum
422 615 666 662 inferendi
705 631 820 662 cura
861 619 945 662 est.
987 619 1131 664 erunt
1171 618 1411 677 quaedam
1436 633 1624 678 causae,
1663 635 1819 679 neque
1851 619 1904 664 id

227 705 354 748 raro,
395 690 594 735 crimine
636 689 845 749 quidem,
886 689 944 736 de
985 705 1080 750 quo
1121 692 1338 753 cognitio
1379 693 1472 750 est,
1519 692 1688 738 faciles
1724 691 1792 738 ‘ad
1831 692 1901 738 di·

227 762 478 822 luendum,
519 762 601 809 sed
640 763 810 809 multis
852 766 964 809 ante
1005 766 1143 810 actae
1182 766 1314 811 vitae
1354 764 1557 826 flagitiis
1590 768 1638 811 et
1669 765 1902 828 gravibus

230 839 474 894 oneratae,
523 851 646 895 quae
685 837 824 896 prius
872 837 1145 883 amovenda
1192 840 1325 897 sunt,
1374 841 1429 884 ut
1475 838 1718 898 propitius
1757 838 1903 885 iudex
1928 857 1971 888 10

228 909 559 956 defensionem
608 911 766 969 ipsius
817 910 1026 971 negotii,
1090 912 1226 958 cuius
1281 910 1480 971 propria
1542 913 1764 971 quaestio
1816 914 1902 971 est,

229 982 411 1029 audiat.
460 984 516 1028 ut
556 984 597 1028 si
644 982 972 1030 defendendus
1027 985 1093 1030 sit
1146 983 1208 1029 M.
1253 982 1458 1044 Caelius,
1508 1000 1667 1031 nonne
1719 986 1902 1046 optime

227 1058 464 1116 patronus
505 1060 726 1102 occurrat
758 1058 894 1116 prius
929 1059 1160 1104 conviciis
1195 1058 1431 1117 luxuriae,
1470 1058 1790 1118 petulantiae,
1829 1060 1901 1104 in-

228 1129 494 1190 pudicitiae
537 1145 685 1189 quam
724 1128 979 1176 veneficii?
1017 1131 1068 1175 in
1109 1129 1285 1190 quibus
1326 1130 1440 1178 solis
1474 1133 1630 1178 omnis
1657 1130 1902 1178 Ciceronis

228 1205 454 1249 versatur
480 1204 660 1249 oratio:
694 1202 866 1249 deinde
895 1197 1045 1265 [tum]
1080 1206 1247 1250 narret
1279 1203 1335 1250 de
1367 1204 1507 1250 bonis
1532 1204 1699 1251 Pallae
1723 1208 1902 1252 totam·
1928 1221 1971 1253 15

230 1292 322 1337 que
364 1276 421 1322 de
454 1278 505 1322 vi
530 1276 740 1337 explicet
772 1291 985 1335 causam,
1026 1292 1151 1337 quae
1177 1279 1250 1323 est
1273 1278 1428 1338 ipsius
1454 1279 1645 1325 actione
1670 1276 1902 1326 defensa?

139 1348 202 1391 28
228 1349 312 1396 sed
350 1365 436 1396 nos
478 1349 615 1396 ducit
647 1349 921 1396 scholarum
955 1350 1271 1407 consuetudo,
1311 1351 1360 1396 in
1387 1351 1565 1411 quibus
1591 1355 1724 1398 certa
1756 1367 1902 1412 quae-

228 1423 342 1470 dam
380 1426 644 1484 ponuntur,
697 1438 820 1483 quae
859 1423 1080 1470 themata
1120 1424 1341 1483 dicimus,
1379 1428 1574 1484 praeter
1612 1440 1739 1485 quae
1778 1425 1903 1470 nihil

230 1500 303 1543 est
343 1495 643 1553 diluendum,
683 1496 890 1556 ideoque
931 1499 1150 1544 narratio
1191 1499 1439 1558 prooemio
1481 1513 1670 1559 semper
1702 1497 1902 1545 subiun-

141 615 169 658 ιθ

180 616 202 659 &l

228 1572 374 1632 gitur.
415 1569 527 1616 inde
566 1569 768 1616 libertas
793 1570 1219 1629 declamatoribus,
1258 1574 1314 1618 ut
1338 1572 1486 1618 etiam
1512 1571 1720 1618 secundo
1746 1571 1902 1633 partis
1927 1589 1972 1620 20
2040 1572 2045 1579 ’

141 1642 204 1685 29
232 1659 347 1690 suae
388 1643 493 1690 loco
535 1659 735 1690 narrare
768 1644 1040 1690 videantur.
1082 1659 1197 1690 nam
1230 1659 1338 1690 cum
1370 1661 1459 1705 pro
1484 1647 1694 1705 petitore
1720 1645 1902 1704 dicunt,

229 1721 278 1763 et
318 1718 637 1778 expositione,
676 1720 929 1777 tamquam
970 1719 1156 1778 priores
1197 1720 1362 1780 agant,
1402 1720 1477 1764 uti
1516 1719 1674 1765 solent
1712 1721 1761 1766 et
1792 1734 1902 1766 con-

227 1789 536 1849 tradictione,
588 1793 843 1851 tamquam
894 1790 1234 1851 respondeant,
1284 1792 1431 1852 idque
1481 1791 1538 1838 fit
1589 1795 1732 1839 recte.
1786 1807 1903 1838 nam

228 1879 337 1910 cum
371 1864 434 1910 sit
467 1864 758 1910 declamatio
791 1864 1057 1911 forensium
1090 1865 1339 1911 actionum
1377 1865 1648 1925 meditatio,
1689 1881 1775 1912 cur
1805 1881 1902 1912 non

228 1939 280 1983 in
341 1941 606 1998 utrumque
662 1939 888 1997 protinus
943 1938 1104 1985 locum
1167 1937 1423 1985 exerceat?
1485 1940 1626 1986 cuius
1695 1940 1902 1986 rationis
1927 1954 1970 1987 25

228 2012 393 2073 ignari
433 2026 488 2057 ex
528 2027 674 2070 more,
715 2012 793 2057 cui
833 2011 1115 2069 adsuerunt,
1162 2012 1286 2058 nihil
1324 2012 1374 2057 in
1415 2013 1519 2058 foro
1570 2015 1751 2074 putant
1800 2027 1902 2059 esse

141 2082 205 2127 30
230 2084 534 2130 mutandum.
576 2085 659 2131 sed
698 2086 748 2130 in
782 2085 1084 2132 scholasticis
1111 2101 1302 2145 quoque
1334 2101 1702 2146 nonnumquam
1726 2086 1902 2146 evenit,

229 2161 286 2204 ut
323 2173 411 2218 pro
452 2159 733 2204 narratione
774 2158 838 2204 sit
876 2159 1160 2218 propositio.
1201 2175 1315 2206 nam
1356 2159 1474 2220 quid
1521 2161 1730 2219 exponet
1776 2175 1901 2220 quae

230 2231 509 2292 zelotypum
556 2231 716 2277 malae
762 2233 1073 2279 tractationis
1123 2230 1352 2279 accusat?
1399 2236 1484 2279 aut
1533 2234 1617 2292 qui
1665 2231 1902 2294 Cynicum

229 2304 361 2366 apud
401 2318 621 2351 censores
660 2320 799 2350 reum
839 2304 897 2351 de
936 2304 1154 2352 moribus
1194 2304 1347 2352 facit?
1388 2321 1497 2353 cum
1535 2308 1695 2353 totum
1720 2306 1901 2353 crimen
1926 2322 1970 2354 30

349 2420 371 2457 1
408 2414 684 2457 obtinebant
715 2423 752 2456 A
904 2420 927 2456 2
960 2418 1292 2471 praepararent
1323 2424 1359 2457 Α
1399 2415 1779 2472 praeparaverint
1815 2423 1905 2458 BP

349 2477 372 2515 3
406 2474 565 2530 quam]
599 2487 701 2515 cum
734 2481 821 2516 BP
845 2476 850 2528 1
878 2487 969 2515 non
1009 2473 1324 2529 repellendum
1357 2501 1411 2506 —
1446 2475 1666 2531 defensis]
1706 2489 1798 2518 non
1829 2488 1900 2518 re-

227 2532 480 2588 petendum
505 2535 557 2575 ut
580 2532 707 2587 prius
742 2532 918 2574 defensi
942 2540 986 2574 B
1008 2546 1098 2575 non
1129 2533 1431 2588 repetendum
1463 2536 1516 2576 ut
1545 2533 1603 2576 iis
1635 2533 1835 2576 defensis
1861 2541 1906 2576 P

350 2597 373 2633 5
408 2590 534 2633 aliud
569 2591 787 2646 culpandi
819 2591 1023 2634 narratio
1057 2600 1115 2634 P:
1151 2606 1216 2634 om
1250 2600 1295 2634 B
1326 2593 1470 2634 alium
1496 2600 1648 2636 c.n,.1
1680 2592 1901 2635 narrandi

230 2649 358 2692 aliud
400 2650 456 2692 Vt
577 2654 602 2692 8
637 2649 839 2705 cognitio
872 2658 907 2690 A
949 2650 1026 2692 Vt.-
1059 2651 1295 2706 cognitum
1320 2659 1407 2693 BP
1525 2656 1576 2694 12
1612 2651 1690 2708 sit]
1723 2654 1793 2693 est
1815 2659 1906 2693 BP

235 2716 238 2765 ι
275 2709 447 2763 opt-ime
474 2723 543 2752 om
566 2716 664 2761 BP,
691 2714 836 2763 potest
867 2722 954 2752 esse
979 2710 1152 2752 lectoris
1184 2711 1550 2753 adnotamentum
1673 2714 1727 2752 14
1759 2722 1901 2763 qua-m

229 2781 295 2810 om
331 2768 437 2809 BPl
561 2772 612 2810 15
646 2770 745 2810 tum
778 2767 945 2810 deinde
977 2776 1013 2809 Α
1150 2772 1204 2810 22
1237 2769 1364 2824 prius
1396 2777 1441 2811 B
1566 2772 1620 2811 23
1653 2782 1744 2812 non
1774 2771 1901 2811 recte

229 2834 317 2867 BP
434 2831 488 2868 25
522 2839 568 2868 se
601 2829 812 2869 exerceat
842 2835 879 2868 Α
