2007 3120
0 917 65 955 510

22 1288 63 1318 15

25 1659 66 1690 ΞΟ

25 2030 65 2061 25

779 91 811 133 Ι.
863 94 903 142 2,
939 95 1095 133 1-—11.
1714 90 1782 141 Ῑξ)

91 237 143 281 at
176 233 219 281 si
248 232 377 279 bona
408 231 565 292 ipsius
597 230 803 290 indoles,
837 231 880 277 si
910 246 1010 276 non
1044 245 1187 277 caeca
1220 245 1277 276 ac
1309 231 1472 290 sopita
1503 231 1786 290 parentium
1814 234 1843 277 ὃ

91 306 316 355 socordia
355 308 444 364 est,
492 308 540 352 et
578 308 949 365 praeceptorem
989 303 1169 367 eligere
1211 304 1578 351 sanctissimum
1619 319 1786 364 quem-

92 397 210 442 que,
266 381 403 427 cuius
459 379 532 425 rei
584 380 851 439 praecipua
908 377 1233 438 prudentibus
1290 393 1407 425 cura-
1461 381 1558 437 est,
1615 381 1664 424 et
1714 378 1785 423 di-

90 454 364 515 sciplinam,
407 468 531 513 quae
562 453 774 499 maxime
808 467 978 500 severa
1010 452 1174 512 fuerit,
1206 453 1323 499 licet
1356 454 1403 499 et
1435 451 1590 498 nihilo
1623 451 1787 498 minus

91 529 302 576 amicum
356 542 559 591 gravem
614 527 774 573 virum
834 529 920 573 aut
969 525 1164 573 fidelem
1213 525 1447 573 libertum
1497 525 1646 572 lateri
1694 524 1787 571 filii

89 603 166 650 sui
207 601 487 664 adiungere,
535 602 673 648 cuius
723 600 956 648 adsiduus
998 602 1262 648 comitatus
1305 601 1454 647 etiam
1493 599 1607 647 illos
1648 599 1788 646 meli-

90 691 197 723 ores
236 676 404 735 faciat,
446 676 532 735 qui
570 674 886 722 timebantur.

199 749 365 797 Facile
415 752 519 796 erat
566 749 710 795 huius
752 752 910 796 metus
950 748 1234 795 remedium.
1287 749 1477 795 utinam
1519 748 1786 794 liberorum
1817 752 1847 795 6

88 827 369 871 nostrorum
416 838 576 870 mores
625 838 722 870 non
770 824 868 884 ipsi
908 818 1245 883 perderemus!
1308 823 1577 869 infantiam
1616 821 1785 868 statim

91 897 280 945 deliciis
321 898 573 945 solvimus.
614 897 779 944 mollis
820 897 907 943 illa
949 897 1193 956 educatio,
1235 912 1384 958 quam
1422 895 1786 958 indulgentiam

88 987 336 1032 vocamus,
384 987 560 1019 nervos
610 987 776 1018 omnes
826 972 1004 1018 mentis
1045 975 1093 1019 et
1135 973 1352 1032 corporis
1393 970 1593 1034 frangit.
1667 969 1786 1031 quid

88 1062 186 1094 non
234 1046 431 1093 adultus
481 1047 804 1106 concupiscet,
859 1047 944 1107 qui
982 1045 1036 1092 in
1075 1047 1308 1106 purpuris
1349 1043 1514 1106 repit‘?
1569 1044 1787 1091 nondum

88 1121 249 1181 prima
300 1119 451 1166 verba
503 1121 750 1180 exprimit,
805 1121 905 1167 iam
958 1135 1153 1167 coccum
1205 1119 1467 1182 in'ellegit,
1522 1121 1624 1166 iam
1677 1134 1787 1166 con-

90 1195 306 1257 chylium
347 1194 521 1255 poscit.
563 1197 677 1241 ante
717 1194 941 1255 palatum
983 1210 1151 1242 eorum
1194 1210 1343 1255 quam
1377 1209 1429 1241 os
1463 1193 1786 1240 instituimus.
1825 1209 1837 1233 a

89 1271 141 1315 in
172 1269 359 1316 lecticis
394 1272 642 1316 crescunt:
684 1270 726 1316 si
756 1272 941 1316 terram
975 1270 1263 1332 attigerunt,
1298 1284 1322 1315 e
1354 1268 1582 1315 manibus
1615 1267 1787 1314 utrim-

90 1358 183 1404 que
240 1345 588 1390 sustinentium
644 1342 872 1403 pendent.
951 1342 1237 1407 gaudemus,
1293 1344 1336 1390 si
1387 1342 1504 1403 quid
1557 1342 1788 1389 licentius

90 1417 323 1464 dixerint:
371 1417 520 1464 verba
569 1433 628 1464 ne
667 1416 1017 1465 Alexandrinis
1059 1417 1258 1478 quidem
1298 1415 1629 1477 permittenda
1670 1415 1788 1462 deli-

91 1491 179 1539 ciis
218 1491 321 1556 risu
361 1494 409 1538 et
449 1492 614 1539 osculo
657 1491 938 1553 excipimus.
1009 1507 1098 1539 nec
1138 1493 1341 1538 mirum:
1388 1506 1477 1538 nos
1518 1490 1788 1550 docuimus,

91 1582 148 1612 ex
180 1565 321 1613 nobis
356 1565 577 1624 audiunt,
610 1569 806 1613 nostras
831 1568 1030 1626 amicas,
1062 1570 1256 1614 nostros
1283 1565 1579 1613 concubinos
1606 1564 1788 1624 vident,
1820 1562 1849 1606 S

94 1655 237 1686 omne
278 1639 561 1686 convivium
602 1639 854 1687 obscaenis
896 1641 1101 1688 canticis
1142 1642 1333 1701 strepit,
1381 1639 1614 1700 pudenda
1654 1638 1788 1686 dictu

93 1717 391 1774 spectantur.
462 1713 517 1761 fit
569 1730 625 1759 ex
675 1714 751 1762 his
801 1714 1114 1773 consuetudo,
1165 1714 1278 1761 inde
1326 1718 1518 1761 natura.
1591 1713 1789 1760 discunt

90 1788 210 1835 haec
258 1789 441 1846 miseri,
491 1792 755 1848 antequam
806 1790 964 1835 sciant
1012 1789 1135 1836 vitia
1185 1804 1311 1836 esse:
1373 1788 1487 1835 inde
1535 1787 1682 1835 soluti
1734 1803 1790 1835 ac

90 1861 297 1910 fluentes
336 1878 435 1909 non
475 1862 723 1923 accipiunt
767 1879 822 1908 ex
864 1863 1043 1910 scholis
1076 1863 1209 1910 mala
1243 1863 1355 1921 ista,
1396 1861 1479 1909 sed
1511 1863 1563 1908 in
1597 1861 1790 1910 scholas

92 1936 332 1984 adferunt.

205 2007 406 2058 ‘Verum
439 2012 490 2057 in
525 2011 701 2059 studiis
734 2013 893 2074 magis
925 2011 1122 2059 vacabit
1155 2027 1281 2058 unus
1315 2007 1433 2057 uni.'
1485 2015 1598 2058 ante
1624 2012 1791 2058 omnia

91 2084 215 2131 nihil
265 2084 493 2146 prohibet
546 2101 648 2133 esse
699 2086 842 2132 illum
891 2088 1052 2133 nescio
1102 2102 1248 2147 quem
1294 2102 1447 2132 unum
1489 2086 1639 2132 etiam
1679 2101 1788 2132 cum

92 2175 162 2218 eo,
211 2160 296 2220 qui
341 2160 395 2206 in
442 2160 621 2207 scholis
669 2160 905 2208 eruditur.
978 2160 1060 2208 sed
1110 2161 1306 2207 etiamsi
1344 2161 1486 2223 iungi
1525 2163 1791 2220 utrumque

92 2249 189 2280 non
244 2237 436 2294 posset,
497 2233 665 2281 lumen
727 2238 895 2282 tamen
950 2234 1075 2281 illud
1132 2238 1400 2282 conventus
1454 2234 1789 2281 honestissimi

92 2306 307 2355 tenebris
349 2323 404 2355 ac
445 2308 704 2356 solitudini
742 2310 1114 2369 praetulissem:
1166 2324 1282 2355 nam
1323 2309 1538 2369 optimus
1581 2309 1788 2370 quisque

26 2401 69 2432 30
93 2385 383 2442 praeceptor
422 2383 701 2444 frequentia
742 2384 925 2446 gaudet
967 2399 1020 2430 ac
1053 2385 1240 2431 maiore
1273 2399 1322 2431 se
1354 2383 1550 2431 theatro
1584 2383 1789 2446 dignum

92 2459 248 2516 putat.
320 2460 372 2503 at
427 2457 527 2504 fere
581 2458 794 2505 minores
850 2474 906 2505 ex
961 2458 1261 2506 conscientia
1317 2473 1432 2505 suae
1484 2456 1789 2504 infirmitatis
1818 2459 1880 2502 10

92 2530 292 2578 haerere
342 2531 551 2594 singulis
604 2534 652 2579 et
699 2531 862 2580 officio
911 2532 1053 2595 fungi
1100 2531 1314 2593 quodam
1360 2531 1505 2578 modo
1545 2531 1788 2594 paedago-

94 2620 268 2667 gorum
307 2620 403 2652 non
444 2605 781 2667 indignantur.
823 2606 906 2654 sed
948 2610 1164 2667 praestet
1208 2607 1359 2653 alicui
1398 2606 1474 2653 νε]
1515 2607 1678 2668 gratia
1711 2606 1788 2652 vel
1819 2608 1876 2652 11

94 2680 305 2738 pecunia
334 2680 414 2726 vel
446 2680 682 2740 amicitia,
713 2684 769 2728 ut
802 2681 1141 2728 doctissimum
1177 2685 1325 2741 atque
1351 2679 1786 2740 incomparabilem

27 2754 387 2815 &magistrum
442 2753 576 2801 domi
624 2754 819 2813 habeat,
874 2771 970 2802 non
1022 2759 1190 2802 tamen
1242 2755 1326 2801 ille
1377 2758 1537 2801 totum
1589 2754 1638 2800 in
1690 2769 1787 2800 uno

214 2914 240 2951 4
265 2910 428 2965 incipit
444 2917 521 2952 Bn
609 2915 630 2952 Ἰ
659 2910 948 2954 timebuntur
966 2918 1010 2952 B
1093 2915 1147 2954 35
1174 2924 1262 2953 non
1284 2919 1413 2952 APb:
1442 2925 1550 2953 num
1574 2917 1651 2951 Bn
1670 2913 1698 2951 fi
1718 2917 1787 2959 By
