2007 3120
202 79 271 130 22
701 78 1075 130 QVINTILIANI
1105 79 1257 123 INST.
1291 79 1382 123 OR.

201 219 294 264 est:
359 217 699 264 excutiendum
762 233 902 264 omne
963 219 1258 278 scriptorum
1319 234 1468 281 genus
1524 236 1620 267 non
1674 222 1877 280 propter

199 291 430 338 historias
469 289 628 349 modo,
676 290 759 336 sed
798 290 960 350 verba,
1007 306 1132 352 quae
1178 292 1457 352 frequenter
1494 294 1569 340 ius
1610 293 1669 339 ab
1710 296 1877 340 aucto-

200 363 334 410 ribus
376 366 586 410 sumunt.
627 365 734 409 tum
772 379 929 424 neque
963 363 1085 411 citra
1116 366 1332 412 musicen
1364 367 1682 427 grammatice
1714 367 1896 427 potest-

202 452 303 484 esse
342 437 574 496 perfecta,
613 451 723 483 cum
764 439 809 482 ei
847 436 905 482 de
936 439 1106 484 metris
1137 438 1476 499 rhythmisque
1510 439 1765 485 dicendum
1797 440 1876 498 sit,

201 525 289 556 nec
339 511 382 556 si
430 509 672 556 rationem
723 509 932 556 siderum
983 509 1191 572 ignoret,
1241 514 1413 572 poetas
1452 512 1723 574 intellegat,
1776 512 1874 572 qui,

201 586 257 629 ut
297 583 396 629 alia
436 584 678 645 omittam,
724 585 905 630 totiens
952 586 1064 630 ortu
1104 599 1372 645 occasuque
1415 586 1665 647 signorum
1702 586 1755 631 in
1795 584 1875 632 de-

201 655 444 703 clarandis
504 656 806 717 temporibus
859 658 1093 716 utuntur,
1156 673 1242 704 nec
1295 659 1472 719 ignara
1524 658 1877 719 philosophiae,

201 744 310 776 cum
359 731 559 790 propter
607 729 844 790 plurimos
894 731 947 776 in
993 730 1218 777 omnibus
1265 732 1365 778 fere
1412 731 1707 778 carminibus
1746 732 1877 778 locos

201 818 258 848 ex
281 803 456 848 intima
481 802 783 849 naturalium
809 803 1150 864 quaestionum
1182 804 1454 851 subtilitate
1485 805 1733 866 repetitos,
1771 807 1879 851 tum

202 876 281 921 vel
328 878 530 936 propter
568 876 895 936 Empedoclea
940 877 992 922 in
1034 875 1253 936 Graecis,
1291 877 1564 924 Varronem
1605 893 1661 924 ac
1699 877 1877 925 Lucre-

198 950 326 995 tium
372 949 423 995 in
462 948 669 1009 Latinis,
717 950 801 1009 qui
847 952 1108 1011 praecepta
1155 952 1427 1011 sapientiae
1466 951 1686 998 versibus
1725 951 1877 998 tradi-

141 1023 170 1067 5
204 1022 400 1068 derunt:
455 1023 737 1084 eloquentia
783 1039 974 1083 quoque
1021 1039 1118 1070 non
1164 1024 1395 1071 mediocri
1436 1028 1509 1071 est
1548 1040 1684 1085 opus,
1723 1027 1782 1071 ut
1821 1024 1879 1070 de

200 1110 497 1156 unaquaque
561 1112 751 1156 earum,
814 1112 934 1156 quas
998 1096 1461 1157 demonstravimus,
1523 1115 1685 1144 rerum
1748 1097 1881 1145 dicat

199 1168 396 1230 proprie
449 1171 498 1216 et
549 1170 756 1230 copiose.
828 1185 922 1229 quo
973 1170 1133 1217 minus
1193 1174 1307 1217 sunt
1364 1171 1571 1233 ferendi,
1625 1171 1709 1232 qui
1754 1171 1880 1217 hanc

200 1245 356 1289 artem
412 1244 467 1288 ut
517 1246 712 1290 tenuem
764 1245 911 1304 atque
961 1244 1179 1290 ieiunam
1230 1245 1536 1292 cavillantur.
1609 1260 1733 1304 quae
1783 1246 1879 1291 nisi

200 1317 409 1362 oratoris
451 1317 607 1362 futuri
646 1316 965 1363 fundamenta
1003 1316 1213 1363 fideliter
1252 1318 1382 1375 iecit,
1435 1318 1674 1378 quidquid
1714 1333 1877 1379 super-

201 1390 448 1449 struxeris,
482 1392 695 1436 corruet:
729 1391 1003 1437 necessaria
1033 1390 1211 1450 pueris,
1243 1391 1455 1437 iucunda
1481 1391 1690 1450 senibus,
1724 1392 1878 1438 dulcis

201 1464 495 1509 secretorum
549 1478 722 1522 comes,
778 1466 826 1509 et
878 1479 1000 1523 quae
1052 1464 1130 1509 vel
1183 1465 1286 1510 sola
1337 1466 1471 1510 omni
1517 1464 1790 1511 studiorum
1827 1466 1878 1510 in

201 1551 375 1598 genere
414 1536 524 1596 plus
564 1535 743 1583 habeat
783 1537 941 1598 operis
982 1553 1129 1596 quam
1170 1537 1525 1585 ostentationis.

141 1608 172 1652 6
314 1609 386 1655 Ne
428 1611 537 1669 quis
583 1610 737 1672 igitur
782 1612 1035 1670 tamquam
1076 1626 1232 1670 parva
1271 1611 1497 1658 fastidiat
1535 1612 1878 1674 grammatices

202 1683 463 1741 elementa,
517 1698 616 1730 non
671 1684 787 1744 quia
842 1699 1048 1745 magnae
1103 1685 1167 1730 sit
1221 1700 1418 1744 operae,
1473 1687 1795 1732 consonantes
1852 1700 1879 1730 a

200 1755 452 1802 vocalibus
500 1756 769 1804 discernere
818 1758 1046 1818 ipsasque
1095 1772 1175 1805 eas
1213 1759 1266 1804 in
1306 1759 1674 1806 semivocalium
1713 1774 1879 1805 nume-

200 1845 311 1875 rum
359 1832 704 1890 mutarumque
755 1830 947 1890 partiri,
1000 1830 1082 1877 sed
1135 1833 1251 1890 quia
1297 1832 1534 1879 interiora
1579 1832 1715 1878 velut
1753 1833 1880 1878 sacri

201 1903 344 1949 huius
393 1903 684 1951 adeuntibus
733 1904 992 1964 apparebit
1037 1904 1194 1950 multa
1240 1921 1402 1951 rerum
1442 1905 1704 1965 subtilitas,
1754 1921 1878 1965 quae

202 1991 300 2022 non
339 1976 482 2023 modo
520 1992 692 2024 acuere
724 1977 922 2039 ingenia
954 1977 1178 2037 puerilia,
1220 1978 1302 2024 sed
1334 1994 1552 2025 exercere
1585 1979 1880 2026 altissimam
1928 1996 1941 2002 ·

146 2048 168 2091 7
206 2064 398 2109 quoque
459 2049 783 2096 eruditionem
847 2065 903 2096 ac
957 2052 1210 2098 scientiam
1264 2053 1432 2111 possit.
1504 2067 1568 2098 an
1622 2051 1882 2098 cuiuslibet

203 2124 333 2169 auris
390 2125 462 2169 est
517 2124 705 2185 exigere
757 2124 1033 2170 litterarum
1083 2123 1258 2172 sonos‘?
1328 2141 1426 2172 non
1475 2125 1669 2172 hercule
1720 2127 1879 2187 magis

203 2211 351 2257 quam
405 2212 686 2244 nervorum:
749 2200 800 2243 at
851 2198 1162 2259 grammatici
1213 2198 1388 2245 saltem
1440 2214 1605 2246 omnes
1655 2201 1707 2244 in
1755 2198 1881 2245 hanc

203 2269 495 2316 descendent
541 2287 703 2316 rerum
749 2271 1057 2330 tenuitatem,
1107 2271 1327 2318 desintne
1377 2272 1571 2332 aliquae
1619 2272 1758 2320 nobis
1798 2289 1880 2318 ne-

204 2344 443 2390 cessariae
490 2343 700 2403 litterae,
748 2359 845 2390 non
893 2359 1002 2390 cum
1043 2342 1228 2392 Graeca
1278 2345 1532 2393 scribimus
1582 2338 1711 2410 (tum
1751 2347 1881 2392 enim

144 2421 173 2466 8
207 2416 267 2462 ab
307 2415 462 2463 isdem
500 2417 620 2463 duas
658 2412 980 2482 mutuamur),
1028 2418 1111 2464 sed
1148 2420 1345 2479 proprie
1384 2419 1435 2465 in
1473 2417 1688 2466 Latinis:
1734 2421 1792 2466 ut
1828 2421 1882 2465 in

203 2489 279 2536 his
329 2486 533 2537 ‘servus’
585 2493 633 2537 et
674 2487 886 2553 ‘vulgus’
929 2491 1187 2538 Aeolicum
1235 2492 1517 2554 digammon
1564 2492 1881 2551 desideratur,

206 2566 255 2609 et
304 2562 492 2610 medius
545 2566 618 2611 est
668 2564 868 2624 quidam
915 2582 947 2610 u
995 2567 1043 2611 et
1087 2566 1107 2611 i
1152 2565 1347 2612 litterae
1399 2580 1543 2612 sonus
1592 2559 1711 2630 (non
1751 2567 1882 2612 enim

208 2638 276 2682 sic
311 2633 606 2697 ‘optumum’
634 2637 841 2684 dicimus
874 2638 951 2684 vel
985 2633 1292 2703 ‘optimum')
1325 2641 1374 2686 et
1400 2635 1522 2700 <in>
1549 2635 1698 2686 ‘here’
1725 2654 1880 2700 neque

326 2750 350 2787 2
384 2761 501 2801 quae
533 2762 603 2791 om
634 2748 694 2789 Α1
808 2753 832 2790 6
865 2748 1049 2791 mittam
1080 2756 1125 2790 B
1221 2753 1243 2790 7
1277 2751 1470 2791 utantur
1500 2756 1545 2791 B
1636 2753 1687 2791 16
1720 2749 1882 2792 iecerit

207 2805 291 2848 edd
315 2813 367 2847 M
433 2810 486 2849 18
513 2805 563 2848 in
586 2815 622 2847 A
647 2812 749 2850 teste
776 2807 1022 2850 Muellero:
1046 2821 1115 2850 om
1140 2815 1228 2849 BP
1308 2812 1362 2850 28
1389 2810 1438 2850 at
1462 2808 1545 2851 1²¹:
1573 2810 1654 2851 aut
1677 2807 1824 2850 ABP2

204 2868 263 2905 34
287 2863 359 2907 vel
378 2865 643 2909 Buecheler:
668 2867 749 2907 aut
766 2865 825 2906 ΑΞ
849 2868 901 2908 ut
920 2866 1068 2908 A¹BP
1091 2869 1095 2921 Ι
1125 2867 1331 2922 opimum
1347 2874 1392 2909 B
1417 2870 1421 2922 Ι
1449 2867 1499 2909 in
1521 2867 1613 2910 add
1631 2867 1883 2910 Philander

1905 2363 1947 2394 30
