2055 3130
793 59 846 104 V.
884 64 951 114 13,
985 63 1171 102 36—47.
1716 59 1825 112 295

252 201 621 248 Declamatores
662 215 777 246 vero
817 200 1044 260 inprimis
1085 202 1199 245 sunt
1238 197 1555 256 admonendi,
1603 213 1663 245 ne
1711 214 1821 245 0011-

139 274 458 322 tradictiones
499 290 579 321 eas
612 276 814 335 ponant,
855 272 1034 333 quibus
1067 272 1303 318 facillime
1334 271 1619 331 responderi
1652 273 1822 332 possit,

0 385 3 422 Ι
139 364 234 395 11011
259 349 354 395 51101
385 349 593 395 stultum
627 347 965 394 adversarium
996 346 1199 408 fingant.
1240 345 1447 392 facimus
1481 348 1647 392 autem
1674 342 1823 406 (quod

0 428 2 475 ῑ
139 424 349 469 maxime
411 422 582 469 uberes
636 422 734 467 loci
795 420 1155 482 popularesque
1217 420 1490 466 sententiae
1551 421 1822 465 nascuntur

0 495 1 501 ’
96 511 115 543 5
140 495 400 542 materiam
434 495 627 541 dicendi
650 493 807 553 nobis,
840 494 973 556 quod
1004 494 1250 554 volumus,
1282 486 1612 557 ducentibus),
1636 496 1691 539 ut
1724 508 1822 540 non

139 570 204 616 sit
242 569 327 615 1110
365 569 558 616 inutilis
598 583 788 615 versus:

229 637 344 689 enon
383 643 511 689 male
550 642 817 703 respondit,
856 642 985 689 male
1026 642 1157 688 enim
1195 641 1332 702 prior
1368 640 1454 686 ille
1493 636 1730 702 rogarat'.

138 716 281 762 fallet
319 716 439 763 haec
480 732 566 763 nos
607 717 660 762 in
713 716 819 762 foro
877 715 1193 774 consuetudo,
1247 715 1334 761 ubi
1384 713 1671 773 adversarii,
1721 730 1821 760 non
1845 719 1909 764 43

138 791 237 850 ipsi
273 789 414 837 nobis
454 789 870 851 respondebimus.
914 789 1052 836 aiunt
1076 789 1282 835 Accium
1321 788 1694 850 interrogatum,
1737 803 1822 835 cur

70 879 113 911 10
139 879 312 910 causas
352 879 451 911 non
491 867 671 926 ageret,
713 879 823 911 011111
864 863 996 924 apud
1035 879 1147 910 eum
1185 865 1239 909 in
1269 861 1537 924 tragoediis
1570 863 1712 909 tanta
1745 863 1821 908 vis

137 939 263 985 esset
296 932 504 1001 [optime
535 932 903 1001 respondendi],
937 938 1063 984 hanc
1095 936 1366 984 reddidisse
1397 937 1657 995 rationem,
1691 936 1823 997 quod

135 1011 237 1058 illic
278 1027 334 1058 ea
375 1012 665 1073 dicerentur,
709 1028 833 1072 quae
873 1012 976 1072 ipse
1009 1011 1172 1070 vellet,
1212 1012 1265 1056 in
1296 1011 1402 1057 foro
1437 1010 1620 1056 dicturi
1651 1010 1821 1057 adver-

136 1085 255 1132 sarii
296 1089 470 1144 essent,
522 1101 650 1146 quae
690 1086 891 1132 minime
938 1086 1100 1133 vellet.
1151 1084 1418 1131 ridiculum
1471 1086 1544 1131 est
1598 1099 1713 1146 ergo
1769 1084 1822 1131 in
1847 1089 1911 1134 44

137 1159 582 1219 exercitationibus,
623 1175 748 1221 quae
789 1160 894 1206 foro
920 1162 1234 1220 praeparant,
1275 1158 1410 1219 prius
1437 1158 1667 1220 cogitare,
1703 1158 1821 1220 quid

70 1249 110 1281 15
135 1233 434 1294 responderi,
491 1250 639 1295 quam
687 1234 805 1295 quid
853 1250 909 1280 ex
950 1234 1142 1281 diverso
1196 1233 1294 1279 dici
1347 1234 1517 1294 possit.
1566 1234 1615 1279 et
1665 1231 1821 1280 bonus

134 1310 426 1368 praeceptor
465 1323 563 1355 non
602 1308 764 1355 minus
803 1307 1005 1354 laudare
1049 1307 1344 1368 discipulum
1396 1306 1560 1365 debet,
1613 1306 1654 1352 si
1701 1306 1821 1367 quid

133 1398 222 1442 pro
265 1382 458 1430 diversa
499 1399 648 1443 quam
688 1383 729 1430 si
770 1382 888 1443 quid
927 1398 1015 1443 pro
1057 1398 1148 1429 sua
1186 1384 1329 1442 parte
1363 1382 1542 1427 acriter
1574 1382 1817 1444 excogita-

133 1457 220 1502 vit.
261 1471 429 1503 rursus
471 1459 544 1503 est
584 1457 720 1502 aliud
758 1457 810 1503 in
857 1456 1036 1503 scholis
1083 1455 1470 1517 permittendum
1510 1470 1721 1515 semper,
1768 1456 1821 1501 in
1846 1461 1908 1505 45

134 1530 242 1576 foro
280 1546 463 1576 rarum.
505 1546 621 1577 nam
660 1531 767 1578 loco
809 1546 837 1577 a
877 1531 1089 1590 petitore
1128 1530 1288 1590 primo
1323 1529 1713 1577 contradictione
1746 1529 1820 1576 uti

67 1619 110 1650 20
135 1605 221 1664 qui
258 1619 533 1665 possumus,
573 1604 657 1651 ubi
689 1620 806 1651 vera
837 1620 914 1652 res
951 1606 1131 1667 agitur,
1173 1619 1285 1651 cum
1319 1603 1629 1651 adversarius
1664 1603 1820 1650 adhuc

132 1678 258 1724 nihil
298 1677 508 1726 dixerit‘.>
556 1679 781 1726 incidunt
818 1681 988 1726 tamen
1026 1679 1246 1739 plerique
1287 1677 1338 1724 in
1376 1678 1469 1725 hoc
1515 1678 1694 1724 vitium
1741 1677 1820 1724 vel
1847 1684 1910 1728 46

132 1752 484 1800 consuetudine
541 1753 892 1801 declamatoria
948 1753 1027 1800 vel
1082 1753 1234 1799 etiam
1286 1750 1558 1813 cupiditate
1611 1751 1819 1811 dicendi,

133 1826 350 1887 dantque
397 1827 455 1873 (10
512 1843 561 1874 50
615 1827 1027 1887 respondentibus
1078 1826 1451 1874 venustissimos
1503 1826 1653 1882 lusus,
1709 1841 1820 1872 cum

131 1900 276 1947 modo
319 1897 387 1948 ‘se
434 1918 549 1948 vero
597 1901 722 1948 1111111
776 1901 953 1949 dixisse
1002 1917 1161 1962 neque
1213 1904 1318 1947 tam
1372 1900 1524 1947 stulte
1567 1895 1821 1958 dicturos'‚

65 1989 107 2021 25
132 1974 277 2021 modo
332 1971 471 2022 ‘bene
521 1975 798 2023 admonitos
852 1975 911 2022 ab
968 1975 1249 2022 adversario
1314 1978 1361 2021 et
1417 1990 1561 2036 agere
1616 1975 1819 2037 gratias,

134 2049 265 2109 quod
304 2049 465 2095 adiuti
504 2046 619 2098 sint'
661 2051 909 2109 iocantur,
957 2048 1353 2110 frequentissime
1401 2064 1539 2107 vero,
1587 2048 1638 2094 id
1687 2048 1820 2108 quod

130 2122 467 2171 firmissimum
507 2126 593 2183 est,
644 2120 933 2184 ‘numquam
972 2124 1032 2170 iis
1078 2138 1432 2184 responsurum
1482 2122 1820 2169 adversarium

131 2197 299 2257 fuisse,
349 2214 473 2258 quae
520 2199 776 2259 proposita
827 2215 925 2245 non
981 2201 1154 2257 essent,
1216 2198 1314 2244 nisi
1367 2197 1458 2243 illa
1506 2196 1654 2244 sciret
1701 2212 1819 2244 vera

133 2286 235 2318 esse
285 2273 334 2319 et
380 2272 444 2319 ad
482 2272 738 2319 fatendum
778 2273 1077 2320 conscientia
1130 2274 1256 2319 esset
1306 2267 1568 2332 inpulsus⁷,
1620 2273 1675 2316 ut
1725 2287 1814 2331 pro
1840 2276 1902 2322 47

64 2361 108 2392 30
134 2344 362 2392 Cluentio
405 2345 593 2393 Cicero:
636 2343 771 2392 ‘nam
808 2347 902 2394 hoc
940 2361 1176 2407 persaepe
1217 2345 1355 2405 dixti,
1395 2344 1491 2392 tibi
1530 2346 1598 2392 sic
1637 2361 1815 2391 renun-

253 2536 307 2575 30
341 2546 366 2575 0
398 2536 467 2585 52,
503 2535 585 2573 143

253 2698 278 2737 8
312 2693 565 2737 adversarii
597 2696 695 2749 (scil
725 2694 861 2737 nobis
892 2694 1277 2751 respondebuntj·›]
1312 2693 1574 2736 adversario
1609 2694 1716 2736 libri

135 2758 187 2795 11
223 2753 398 2808 optime
429 2754 742 2809 respondendi
774 2768 844 2797 om
876 2754 983 2795 ΒΡ1
1137 2759 1190 2795 14
1222 2755 1561 2809 praeparantur
1592 2760 1681 2794 BP

134 2816 188 2856 18
222 2814 292 2855 est
323 2826 394 2855 om
423 2820 513 2854 BP
632 2817 684 2855 19
717 2826 874 2856 rarum
904 2821 1006 2857 AB:
1038 2826 1142 2856 raro
1175 2821 1219 2855 P
1337 2817 1391 2854 ‘20
1425 2813 1506 2865 qui
1537 2825 1606 2855 om
1638 2819 1706 2852 Ab

133 2876 188 2914 29
221 2874 274 2914 ut
304 2885 388 2927 pro
422 2879 483 2914 P:
516 2886 599 2927 pro
633 2880 677 2914 B
705 2872 755 2914 in
787 2886 877 2927 quo
909 2880 947 2913 A
1069 2876 1124 2914 30
1159 2872 1277 2914 dixti
1310 2879 1369 2914 P:
1405 2871 1503 2913 dixi
1534 2878 1618 2912 AB
