2055 3130
289 89 391 140 128
793 88 1167 141 QVINTILIANI
1196 88 1344 132 INST.
1379 88 1471 133 ΟΒ.

287 227 407 274 dicit
437 230 698 288 praecepta
721 227 1060 288 philosophiae
1086 228 1300 274 carmine
1332 243 1433 274 esse
1459 229 1785 289 complexum,
1817 243 1951 275 nam-

286 316 381 360 que
419 301 525 359 hac,
565 304 619 348 ut
659 303 731 348 est
768 303 955 361 notum,
996 301 1316 348 similitudine
1355 303 1532 347 utitur:

398 369 474 420 tac
512 374 669 420 veluti
707 374 873 435 pueris
913 373 1158 421 absinthia
1195 375 1356 420 taetra
1395 373 1642 421 medentes

396 462 505 493 cum
544 447 659 493 dare
699 448 951 506 conantur,
990 448 1125 507 prius
1166 462 1274 494 oras
1313 448 1490 507 pocula
1529 447 1710 497 circum

395 520 615 580 aspirant
652 520 812 567 mellis
853 519 985 566 dulci
1022 519 1245 580 flavoque
1284 516 1493 580 liquore'
1998 538 2016 570 5

230 593 259 637 5
284 596 332 640 et
371 609 494 653 quae
534 596 777 640 secuntur.
829 593 912 639 sed
952 609 1039 640 nos
1086 609 1328 652 veremur,
1374 610 1434 640 ne
1481 610 1655 653 parum
1702 593 1780 640 hic
1827 593 1952 640 liber

282 667 441 713 mellis
468 669 515 713 et
540 666 774 713 absinthii
805 667 1017 713 multum
1047 666 1225 713 habere
1257 666 1495 726 videatur,
1522 666 1683 726 sitque
1708 665 1952 713 salubrior

282 739 457 787 studiis
499 755 646 800 quam
686 739 887 786 dulcior.
927 740 1046 801 quin
1088 741 1237 786 etiam
1275 739 1367 786 hoc
1397 740 1562 799 timeo,
1601 756 1660 786 ne
1693 755 1749 786 ex
1781 755 1836 786 eo
1861 741 1950 785 mi-

280 829 450 860 norem
488 814 699 876 gratiam
739 813 887 871 ineat,
929 813 1059 874 quod
1095 813 1329 874 pleraque
1368 829 1466 860 non
1503 813 1704 860 inventa
1741 828 1830 872 per
1859 828 1950 871 me,

282 886 367 933 sed
406 887 466 932 ab
509 886 619 934 aliis
650 886 835 933 tradita
868 886 1149 945 continebit,
1189 885 1368 933 habeat
1400 887 1550 932 etiam
1581 886 1833 946 quosdam,
1866 888 1950 947 qui
1976 904 2017 935 10

283 962 453 1006 contra
503 961 719 1007 sentiant
774 962 822 1006 et
872 959 1206 1019 adversentur,
1256 961 1516 1020 propterea
1572 959 1699 1019 quod
1749 959 1952 1019 plurimi

282 1037 522 1093 auctores,
562 1034 786 1094 quamvis
835 1033 1003 1080 eodem
1051 1033 1320 1092 tenderent,
1367 1032 1582 1080 diversas
1629 1035 1796 1079 tamen
1846 1033 1950 1080 vias

224 1106 254 1149 6
280 1108 562 1153 munierunt
601 1109 746 1167 atque
785 1108 837 1152 in
876 1122 1015 1154 suam
1055 1108 1260 1167 quisque
1309 1106 1502 1152 induxit
1550 1109 1819 1166 sequentes.
1875 1105 1952 1152 illi

281 1182 444 1227 autem
484 1180 694 1240 probant
734 1180 1090 1241 qualecumque
1131 1180 1337 1243 ingressi
1375 1183 1488 1226 sunt
1526 1180 1633 1239 iter,
1680 1194 1768 1226 nec
1805 1179 1948 1226 facile

279 1254 549 1301 inculcatas
588 1255 752 1314 pueris
791 1254 1128 1314 persuasiones
1169 1253 1450 1312 mutaveris,
1499 1253 1614 1313 quia
1661 1268 1802 1300 nemo
1850 1268 1948 1300 non
1974 1269 2014 1300 15

227 1326 248 1368 7
281 1326 504 1374 didicisse
543 1327 736 1374 mavult
775 1343 921 1388 quam
969 1327 1164 1374 discere.
1213 1329 1286 1373 est
1325 1329 1504 1385 autem,
1555 1328 1611 1372 ut
1660 1324 1948 1386 procedente

280 1400 404 1447 libro
451 1400 661 1461 patebit,
707 1400 900 1447 infinita
952 1399 1187 1447 dissensio
1247 1403 1515 1458 auctorum,
1562 1400 1720 1459 primo
1769 1398 1830 1446 ad
1877 1415 1948 1457 ea,

280 1489 405 1534 quae
459 1474 601 1520 rudia
665 1478 810 1534 atque
864 1474 1135 1533 inperfecta
1196 1472 1354 1520 adhuc
1407 1474 1568 1531 erant,
1625 1472 1948 1520 adicientibus

281 1547 409 1607 quod
433 1548 735 1594 invenissent
760 1547 1092 1608 scriptoribus,
1134 1562 1243 1593 mox
1268 1550 1323 1593 ut
1348 1546 1537 1606 aliquid
1561 1547 1636 1593 sui
1668 1546 1949 1593 viderentur

280 1619 484 1680 adferre,
525 1623 672 1668 etiam
710 1623 843 1667 recta
883 1620 1202 1667 mutantibus.
1973 1637 2014 1667 20

225 1692 253 1736 S
387 1695 516 1741 Nam
539 1696 727 1754 primus
752 1696 864 1754 post
895 1710 988 1753 eos,
1023 1709 1142 1754 quos
1174 1696 1346 1754 poetae
1377 1692 1701 1751 tradiderunt,
1738 1693 1948 1740 movisse

280 1768 447 1828 aliqua
487 1768 614 1815 circa
652 1768 926 1815 rhetoricen
966 1767 1283 1829 Empedocles
1324 1767 1515 1813 dicitur.
1563 1768 1745 1813 artium
1783 1769 1947 1812 autem

279 1842 538 1901 scriptores
580 1842 915 1901 antiquissimi
957 1840 1109 1887 Corax
1151 1843 1200 1887 et
1239 1841 1396 1887 Tisias
1438 1839 1604 1900 Siculi,
1660 1854 1783 1901 quos
1821 1840 1946 1886 inse-

279 1917 417 1961 cutus
460 1918 534 1962 est
571 1915 648 1962 vir
687 1915 903 1962 eiusdem
941 1915 1130 1961 insulae
1180 1913 1384 1977 Gorgias
1431 1913 1714 1972 Leontinus,
1770 1913 1946 1973 Empe-

221 1986 252 2029 9
278 1988 452 2048 doclis,
506 1992 560 2035 ut
610 1988 848 2048 traditur,
905 1988 1185 2048 discipulus.
1248 1989 1290 2034 is
1343 1986 1575 2033 beneficio
1629 1987 1947 2049 longissimae
1971 2004 2011 2035 25

279 2063 456 2108 aetatis
505 2057 641 2127 (nam
681 2064 874 2109 centum
915 2064 963 2108 et
1001 2077 1175 2108 novem
1222 2062 1345 2107 vixit
1393 2053 1566 2124 annos)
1619 2075 1730 2107 oum
1776 2060 1944 2107 multis

277 2135 422 2182 simul
460 2136 639 2193 floruit,
686 2135 892 2196 ideoque
939 2137 988 2181 et
1035 2135 1248 2193 illorum,
1301 2134 1358 2180 de
1406 2134 1579 2194 quibus
1632 2149 1780 2193 supra
1830 2133 1945 2192 dixi,

191 2207 252 2250 10
277 2209 373 2255 fuit
397 2209 615 2255 aemulus
641 2211 689 2255 et
712 2208 845 2255 ultra
877 2207 1110 2255 Socraten
1141 2223 1295 2268 usque
1313 2207 1522 2254 duravit.
1555 2206 1944 2267 Thrasymachus

279 2281 630 2330 Chalcedonius
672 2298 779 2328 cum
802 2282 893 2328 hoo
918 2284 966 2328 et
990 2281 1222 2328 Prodicus
1257 2280 1372 2327 Cius
1406 2284 1454 2327 et
1484 2279 1743 2327 Abderites
1775 2280 1945 2327 Prota-

277 2370 435 2417 goras,
457 2372 485 2402 a
502 2371 597 2416 quo
623 2356 788 2402 decem
808 2355 1005 2402 milibus
1024 2355 1334 2402 denariorum
1356 2354 1581 2401 didicisse
1605 2355 1775 2413 artem,
1797 2369 1944 2414 quam
1968 2370 2010 2401 30

277 2429 442 2489 edidit,
483 2429 723 2476 Euathlus
764 2430 957 2487 dicitur,
996 2432 1045 2475 et
1082 2428 1293 2488 Hippias
1334 2427 1487 2487 Elius,
1528 2429 1590 2486 et,
1630 2443 1772 2488 quem
1803 2426 1941 2473 Pala·

395 2603 445 2640 31
480 2599 528 2640 in
560 2599 769 2641 Phaedro
801 2614 831 2654 p
865 2603 947 2641 261
981 2598 1034 2640 D.

394 2765 418 2802 5
452 2761 682 2815 inspirant
712 2768 768 2802 A:
802 2760 1076 2815 inspergunt
1106 2759 1272 2813 Haupt
1311 2758 1587 2814 contingunt
1626 2758 1763 2801 Lucr.
2052 2781 2055 2814 4

279 2824 331 2861 10
365 2819 444 2861 sed
477 2819 582 2861 aliis
613 2827 658 2862 Β
778 2823 829 2860 13
862 2818 1155 2860 muniverunt
1193 2826 1228 2858 A
1269 2817 1473 2859 inierunt
1511 2817 1592 2860 cod
1634 2816 1749 2859 Goth
1791 2817 1796 2870 1
1839 2829 1941 2870 pro-

275 2878 409 2920 duxit
439 2886 475 2919 Α
627 2882 680 2920 29
715 2876 819 2920 Cius
853 2877 1100 2934 Spalcliny:
1131 2875 1268 2919 Chius
