2055 3130
692 86 768 129 ΙΠ.
803 91 843 141 9,
878 90 1005 130 1—9.
1041 90 1110 141 10,
1144 92 1182 130 1.
1678 87 1781 138 177

216 229 402 275 Verum
442 244 498 274 ex
537 227 628 285 his,
676 241 798 287 quas
839 227 1086 286 constitui,
1136 226 1362 287 partibus
1402 242 1501 273 non
1547 229 1605 273 ut
1643 227 1783 287 quid·
1818 227 1847 269 6

105 319 199 364 que
237 303 453 364 primum
492 300 764 359 dicendum,
814 301 888 346 ita
927 301 1144 361 primum
1191 300 1510 362 cogitandum
1559 302 1652 359 est,
1701 300 1786 348 sed

107 379 220 423 ante
261 376 423 423 omnia
463 375 644 422 intueri
684 375 891 434 oportet,
934 374 1066 433 quod
1105 375 1171 420 sit
1217 389 1371 435 genus
1420 389 1617 433 causae,
1668 374 1786 434 quid

107 451 159 496 in
192 466 250 497 ea
281 452 563 510 quaeratur,
603 463 730 508 quae
770 448 976 508 prosint,
1019 463 1142 508 quae
1175 451 1396 508 noceant,
1439 447 1626 507 deinde,
1667 448 1786 508 quid

62 540 81 571 5
107 523 493 571 confirmandum
533 523 596 568 sit
636 536 691 567 ac
729 521 1070 581 refellendum,
1109 526 1232 580 tum,
1274 537 1372 582 quo
1403 522 1548 569 modo
1581 538 1784 568 narran-

106 599 242 645 dum:
307 597 547 658 expositio
612 597 742 642 enim
794 595 1142 656 probationum
1199 598 1273 642 est
1326 597 1642 656 praeparatio
1698 610 1786 642 nec
1827 596 1847 638 'a'

106 687 209 719 esse
249 671 386 718 utilis
433 672 610 731 potest,
658 668 756 716 nisi
800 670 939 730 prius
988 671 1280 729 constiterit,
1337 670 1455 730 quid
1503 670 1679 717 debeat
1727 670 1784 716 de

104 745 394 807 probatione
433 745 735 805 promittere.
776 745 1024 804 postremo
1064 743 1370 802 intuendum,
1411 759 1558 805 quem
1591 743 1649 790 ad
1683 760 1786 791 mo-

106 819 223 866 dum
260 818 407 865 iudex
443 820 508 865 sit
548 816 906 877 conciliandus,
946 833 1103 878 neque
1145 819 1275 864 enim
1314 817 1407 865 nisi
1448 819 1569 865 totis
1611 833 1786 865 causae

38 909 80 940 ιο
104 893 330 954 partibus
371 892 634 955 diligenter
670 892 906 952 inspectis
947 893 1071 938 scire
1103 906 1377 952 possumus,
1419 893 1614 952 qualem
1645 891 1785 939 nobis

103 968 263 1014 facere
305 967 523 1012 animum
564 966 900 1028 cognoscentis
940 965 1180 1025 expediat,
1229 981 1451 1012 severum
1500 981 1563 1012 an
1600 966 1786 1025 mitem,

105 1042 407 1088 concitatum
447 1056 510 1087 an
549 1041 822 1099 remissum,
871 1039 1133 1087 adversum
1172 1041 1364 1101 gratiae
1405 1056 1469 1087 an
1509 1040 1785 1087 obnoxium.

214 1115 388 1175 Neque
438 1114 548 1160 ideo
596 1116 763 1160 tamen
819 1128 898 1160 eos
954 1113 1278 1174 probaverim,
1337 1115 1422 1174 qui
1476 1113 1788 1161 scribendum
1820 1113 1848 1156 8

108 1205 301 1250 quoque
355 1187 662 1249 prooemium
723 1187 987 1235 novissime
1049 1190 1243 1248 putant.
1298 1203 1414 1233 nam
1467 1190 1523 1234 ut
1579 1188 1787 1235 conferri

36 1279 76 1310 15
103 1264 362 1310 materiam
436 1278 650 1321 omnem,
724 1264 794 1321 et,
869 1261 986 1322 quid
1050 1278 1243 1323 quoque
1319 1262 1384 1309 sit
1454 1277 1597 1322 opus,
1676 1277 1786 1310 con-

104 1340 233 1384 stare
273 1336 428 1395 debet,
470 1339 736 1396 antequam
784 1335 944 1383 dicere
993 1339 1079 1382 aut
1134 1335 1342 1383 scribere
1399 1336 1664 1396 ordiamur,
1714 1337 1787 1383 ita

101 1411 437 1472 incipiendum
478 1409 537 1457 ab
577 1410 660 1471 iis,
709 1426 834 1470 quae
880 1412 1041 1471 prima
1090 1414 1216 1457 sunt.
1272 1425 1389 1456 nam
1442 1426 1530 1458 nec
1585 1412 1786 1473 pingere
1821 1410 1850 1453 9

106 1485 367 1546 quisquam
408 1487 493 1531 aut
531 1484 714 1547 fingere
756 1486 917 1544 coepit
964 1499 993 1530 a
1039 1484 1267 1545 pedibus,
1314 1501 1402 1531 nec
1451 1484 1660 1545 denique
1708 1500 1786 1532 ars

105 1560 209 1606 ulla
249 1561 617 1606 consummatur
654 1559 740 1617 ibi,
780 1558 908 1604 unde
949 1558 1241 1605 ordiendum
1273 1561 1359 1605 est.
1402 1559 1519 1620 quid
1550 1558 1635 1606 fiet
1667 1560 1786 1606 alio-

36 1649 80 1681 20
106 1635 205 1695 qui,
246 1633 288 1680 si
327 1634 544 1693 spatium
591 1632 916 1692 componendi
963 1634 1238 1680 orationem
1286 1633 1401 1680 stilo
1456 1649 1554 1680 non
1601 1631 1786 1680 fuerit?

104 1723 264 1754 nonne
302 1722 390 1753 nos
431 1707 550 1753 haec
589 1707 786 1753 inversa
827 1707 1127 1754 consuetudo
1161 1705 1440 1767 deceperit‘.>
1478 1707 1789 1768 inspicienda

103 1781 259 1845 igitur
295 1782 505 1828 materia
531 1784 616 1841 est,
659 1797 754 1842 quo
788 1783 1127 1842 praecepimus
1162 1781 1345 1841 ordine,
1379 1781 1648 1839 scribenda,
1691 1798 1786 1842 quo

103 1855 322 1903 dicimus.

695 1982 794 2039 [DE
830 1981 1208 2039 GENERIBUS.]

36 2093 79 2126 25
214 2078 270 2124 X.
314 2076 539 2124 Ceterum
579 2093 727 2125 causa
775 2078 955 2138 omnis,
1005 2079 1056 2124 in
1098 2094 1196 2139 qua
1241 2093 1356 2138 pars
1405 2078 1562 2124 altera
1609 2078 1787 2124 aientis
1823 2078 1847 2120 1

108 2154 195 2212 est,
236 2152 392 2199 altera
432 2154 720 2211 recusantis,
772 2155 858 2200 aut
896 2153 1041 2199 unius
1081 2154 1155 2198 rei
1209 2153 1542 2199 controversia
1594 2154 1787 2199 constat

106 2232 194 2272 aut
230 2226 470 2287 plurium:
509 2226 631 2274 haec
670 2227 922 2287 simplex
962 2226 1155 2285 dicitur,
1194 2227 1285 2273 illa
1318 2228 1648 2274 coniuncta.
1688 2241 1788 2272 una

107 2301 440 2347 controversia
495 2304 570 2347 est
622 2316 709 2362 per
763 2316 812 2348 se
868 2301 1012 2360 furti,
1065 2316 1153 2361 per
1208 2316 1257 2348 se
1313 2301 1558 2347 adulterii.
1622 2300 1787 2360 plures

106 2377 193 2421 aut
233 2374 448 2421 eiusdem
481 2376 686 2437 generis,
725 2378 780 2421 ut
818 2377 870 2421 in
895 2376 1116 2435 pecuniis
1140 2375 1439 2435 repetundis,
1482 2376 1567 2420 aut
1592 2373 1787 2432 diversi,

37 2465 81 2496 30
106 2450 162 2494 ut
201 2449 243 2495 si
283 2450 390 2508 quis
432 2449 682 2511 sacrilegii
730 2452 777 2496 et
822 2449 1078 2496 homicidii
1125 2449 1272 2496 simul
1327 2451 1592 2495 accusetur.
1659 2448 1790 2509 quod

105 2537 234 2568 nunc
286 2524 339 2568 in
384 2522 594 2582 publicis
649 2523 846 2570 iudiciis
900 2539 1000 2570 non
1055 2523 1246 2583 accidit,
1302 2525 1536 2584 quoniam
1589 2525 1789 2583 praetor

225 2667 249 2704 5
282 2665 393 2706 tunc
424 2671 461 2705 Α
615 2668 638 2706 7
672 2664 934 2707 constiterit
964 2678 1065 2708 corr
1096 2672 1156 2706 P:
1192 2663 1485 2707 constituerit
1516 2663 1663 2705 ΑΒΡ1

110 2727 133 2764 9
165 2722 310 2765 totius
357 2723 410 2765 ed
459 2723 664 2767 Camcma
794 2729 847 2766 15
889 2737 1072 2779 quoque
1112 2731 1196 2765 AB
1234 2724 1400 2778 cuique
1441 2723 1504 2765 Ρ1
1546 2722 1648 2765 loco
1697 2723 1788 2765 add

107 2782 281 2838 Reyius
312 2782 589 2836 quandoque
622 2783 758 2826 Kroll
895 2787 948 2825 16
984 2783 1116 2826 decet
1149 2783 1254 2836 P1‘?,
1289 2791 1316 2824 b
1439 2787 1492 2825 18
1528 2783 1627 2839 aut]
1662 2795 1715 2824 ac
1746 2789 1792 2823 B

228 2845 279 2883 19
315 2841 647 2884 exordiendum
677 2850 715 2882 A
823 2846 876 2884 22
909 2842 1222 2898 praecipimus
1254 2849 1343 2883 BP
1431 2846 1485 2884 23
1521 2841 1725 2883 dicemus
1751 2849 1788 2881 ,1

226 2904 280 2942 25
315 2900 497 2956 agentis
527 2908 671 2943 ABP:
705 2915 805 2944 corr
845 2902 1036 2945 Vollmer
1066 2902 1117 2955 cf
1142 2901 1183 2943 V
1217 2906 1285 2954 12,
1321 2905 1374 2943 10
1411 2901 1499 2945 C'ic.
1531 2901 1572 2943 T
1569 2914 1638 2955 op.
1673 2904 1727 2942 49

195 2982 490 3021 vaoemmvs
516 2982 573 3014 ed.
598 2982 963 3015 Radermacher.
1010 2984 1040 3015 1.
1467 2979 1519 3016 12
