2055 3130
274 71 383 121 260
771 71 1144 123 QVINTILIANI
1173 73 1322 116 INST.
1357 72 1449 116 ΟΒ.

271 209 323 255 id
363 211 493 256 enim
532 225 683 272 genus
724 213 817 256 est:
875 206 1135 270 ‘mortale’‚
1191 212 1341 258 etiam
1388 213 1429 258 si
1469 215 1543 258 est
1581 212 1779 272 species,
1832 227 1944 258 cum

275 283 387 330 aliis
426 285 592 329 tamen
631 283 898 330 communis
939 283 1124 330 finitio:
1181 281 1475 344 ‘rationale’‚
1530 285 1655 331 nihil
1702 286 1944 346 supererit

186 359 246 402 57
276 356 337 402 ad
377 356 808 403 demonstrandum
847 357 977 417 quod
1008 355 1165 418 velis]
1208 360 1378 404 contra
1410 360 1593 418 species
1617 357 1808 404 firmam
1831 374 1942 419 pro-

272 428 522 475 bationem
560 429 711 475 habet
741 431 946 492 generis,
985 429 1230 477 infirmam
1260 432 1624 477 refutationem.
1664 447 1780 477 nain
1811 431 1942 492 quod

272 502 465 548 iustitia
527 506 613 560 est,
674 504 845 562 utique
906 503 1063 550 virtus
1119 506 1212 550 est:
1275 504 1404 564 quod
1457 520 1555 550 non
1609 507 1682 551 θεῖ
1734 505 1941 564 iustitia,
1989 520 2008 550 5

272 576 434 635 potest
495 590 598 622 esse
668 577 846 634 virtus,
923 577 966 622 si
1034 579 1106 624 θεῖ
1157 577 1418 636 fortitudo,
1479 578 1769 635 constantia,
1832 592 1941 624 con-

272 647 497 694 tinentia.
551 664 819 709 numquam
872 651 1041 710 itaque
1093 650 1296 697 tolletur
1344 666 1371 696 a
1418 650 1576 711 specie
1624 666 1796 713 genus,
1847 652 1944 697 nisi

270 723 328 766 ut
366 737 531 768 omnes
557 724 754 782 species,
794 738 917 782 quae
950 727 1064 769 sunt
1096 726 1262 785 generi
1293 724 1553 783 subiectae,
1585 725 1943 782 removeantur,

273 794 364 841 hoc
396 795 563 842 modo:
606 791 754 856 ‘quod
786 812 942 856 neque
973 798 1250 844 immortale
1285 800 1357 844 θεῖ
1389 813 1543 857 neque
1576 797 1798 855 mortale,
1838 798 1940 843 ani-

183 869 246 914 58
275 868 376 914 mal
413 883 512 914 non
553 864 657 916 θεῖ’.
697 869 772 915 his
814 869 1034 916 adiciunt
1072 872 1273 931 propria
1321 873 1369 917 et
1400 871 1690 916 differentia.
1729 869 1940 930 propriis
1967 885 2009 916 ιο

273 940 590 988 confirmatur
628 942 802 1004 finitio,
843 943 1178 991 differentibus
1219 944 1436 991 solvitur.
1484 945 1739 1004 proprium
1779 945 1942 989 autem

272 1017 344 1061 θεῖ
391 1017 477 1060 aut
532 1016 659 1075 quod
715 1016 807 1063 soli
855 1017 1046 1076 accidit,
1100 1021 1158 1063 ut
1203 1017 1390 1064 homini
1440 1032 1611 1076 sermo,
1664 1018 1804 1076 risus,
1856 1019 1942 1062 aut

273 1087 510 1148 quidquid
548 1090 718 1149 utique
760 1090 951 1150 accidit,
1003 1091 1085 1138 sed
1124 1107 1220 1137 non
1261 1091 1366 1149 soli,
1422 1093 1477 1136 ut
1530 1092 1635 1153 igni
1690 1090 1939 1137 calfacere.

271 1163 320 1207 et
359 1164 474 1208 sunt
513 1163 728 1210 eiusdem
766 1164 838 1209 rei
875 1164 1019 1223 plura
1058 1166 1273 1225 propria,
1314 1167 1367 1209 ut
1406 1164 1558 1223 ipsius
1598 1165 1727 1226 ignis
1766 1163 1942 1222 lucere,

272 1235 443 1281 calere.
484 1237 570 1294 ita,
612 1235 949 1297 quodcumque
980 1239 1236 1298 proprium
1267 1237 1435 1294 deerit,
1468 1237 1625 1283 solvet
1657 1236 1940 1294 finitionem,
1967 1250 2008 1282 15

184 1310 247 1354 59
272 1323 368 1354 non
408 1310 592 1369 utique,
633 1309 971 1370 quodcumque
1011 1312 1118 1369 erit,
1170 1310 1491 1357 confirmabit.
1532 1311 1815 1370 saepissime
1856 1325 1941 1356 au-

270 1384 370 1427 tem
433 1382 552 1442 quid
613 1385 677 1430 sit
737 1385 991 1444 proprium
1047 1387 1278 1445 cuiusque
1335 1386 1602 1444 quaeritur,
1640 1385 1709 1443 ut,
1762 1384 1804 1430 si
1856 1399 1943 1443 per

271 1453 586 1518 ἐτυμολογίαν
627 1456 818 1502 dicatur
860 1453 1216 1517 ‘tyrannicidae
1255 1459 1510 1518 proprium
1557 1460 1630 1504 θεῖ
1676 1460 1941 1517 tyrannum

271 1525 520 1588 occidere’‚
561 1544 813 1592 negemus:
853 1547 950 1577 non
991 1533 1133 1589 enim,
1175 1533 1216 1577 si
1247 1531 1485 1577 traditum
1517 1531 1611 1577 sibi
1644 1546 1752 1577 eum
1785 1531 1940 1576 carni-

182 1605 246 1648 60
271 1602 349 1648 fex
396 1604 641 1662 occiderit,
688 1604 1000 1663 tyrannicida
1048 1605 1251 1651 dicatur.
1316 1620 1403 1651 nec
1451 1606 1493 1651 si
1542 1603 1807 1664 inprudens
1863 1604 1940 1650 vel
1966 1617 2009 1648 20

269 1676 468 1723 invitus.
513 1677 643 1737 quod
682 1681 844 1723 autem
885 1680 1137 1738 proprium
1178 1694 1275 1725 non
1316 1680 1423 1737 erit,
1463 1677 1689 1724 differens
1731 1677 1837 1736 erit,
1884 1681 1943 1723 ut

272 1749 406 1795 aliud
447 1753 519 1796 θεῖ
558 1766 751 1797 servum
778 1767 893 1809 esse,
934 1752 1069 1798 aliud
1095 1753 1291 1811 servire⁷
1333 1752 1492 1812 qualis
1529 1767 1630 1798 esse
1656 1752 1708 1797 in
1732 1750 1939 1797 addictis

272 1825 494 1882 quaestio
536 1826 682 1871 solet:
725 1821 830 1885 ‘qui
861 1839 1027 1872 servus
1061 1830 1146 1884 θεῖ,
1188 1827 1229 1872 si
1261 1841 1409 1871 manu
1435 1825 1676 1883 mittatur⁷
1716 1823 1772 1870 fit
1796 1824 1940 1870 liber-

269 1897 416 1956 tinus,
457 1913 554 1944 non
594 1899 714 1944 item
753 1895 1012 1958 addictus',
1053 1902 1101 1945 et
1139 1899 1296 1959 plura,
1344 1899 1401 1945 de
1450 1898 1626 1958 quibus
1675 1898 1772 1944 alio
1818 1897 1938 1944 loco.

181 1971 241 2015 61
269 1969 393 2015 illud
434 1987 626 2031 quoque
659 1972 884 2018 differens
924 1975 1116 2031 vocant,
1168 1989 1276 2019 cum
1317 1988 1489 2034 genere
1529 1973 1579 2017 in
1620 1972 1830 2031 speciem
1869 1970 1937 2016 di·
1965 1982 2006 2014 25

271 2043 414 2090 ducto
455 2045 637 2104 species
676 2047 783 2105 ipsa
824 2046 1129 2092 discernitur.
1170 2046 1353 2092 animal
1386 2060 1554 2107 genus,
1593 2045 1800 2091 mortale
1833 2059 1937 2104 spe-

270 2118 381 2175 cies,
420 2120 666 2165 terrenum
706 2120 783 2166 vel
822 2119 957 2180 bipes
991 2119 1237 2176 differens3
1279 2119 1493 2166 nondum
1525 2120 1655 2165 enim
1686 2119 1938 2178 proprium

271 2194 357 2246 est,
397 2191 481 2237 sed
518 2193 618 2238 iam
658 2193 819 2239 differt
867 2209 894 2239 a
934 2195 1122 2240 marino
1171 2194 1248 2239 vel
1297 2192 1615 2253 quadripede:
1668 2191 1797 2252 quod
1843 2207 1939 2237 non

269 2267 371 2310 tam
397 2265 459 2310 ad
491 2270 837 2327 argumentum
869 2268 1081 2326 pertinet
1114 2283 1259 2327 quam
1292 2266 1353 2312 ad
1386 2266 1671 2328 diligentem
1703 2264 1937 2311 finitionis

182 2339 244 2382 6⁶2
271 2341 701 2398 comprensionem.
758 2339 923 2387 Cicero
964 2356 1116 2402 genus
1166 2345 1214 2386 et
1261 2340 1483 2400 speciem,
1535 2354 1678 2399 quam
1736 2337 1937 2384 eandem
1963 2350 2006 2381 30

269 2411 476 2458 formam
516 2416 672 2472 vocat,
707 2429 734 2458 a
772 2413 991 2460 finitione
1033 2414 1224 2460 diducit
1263 2416 1311 2460 et
1357 2413 1432 2471 iis,
1485 2428 1608 2473 quae
1649 2412 1711 2459 ad
1751 2411 1938 2471 aliquid

389 2525 443 2564 30
477 2521 567 2565 Cic.
600 2523 712 2579 Top.
748 2528 786 2574 3,
823 2528 875 2565 13

389 2631 413 2667 9
447 2626 569 2679 quod
608 2639 756 2680 neque
795 2626 990 2669 mortale
1037 2628 1108 2670 est
1147 2640 1294 2681 neque
1340 2625 1583 2668 inmortale
1623 2633 1672 2677 Α,
1712 2639 1812 2668 cum
1855 2632 1942 2666 BP

268 2684 382 2736 facit
420 2683 477 2727 Vt
507 2686 558 2738 cf
585 2685 772 2728 Senecae
803 2699 867 2740 ep.
903 2689 976 2738 58,
1009 2689 1184 2728 14-15
1336 2689 1388 2727 10
1422 2684 1687 2727 adiciuntur
1724 2692 1759 2724 A

273 2746 324 2784 13
358 2743 578 2798 quicquid
604 2752 660 2786 A:
695 2744 818 2797 quod
842 2752 931 2786 BP
1050 2748 1100 2785 15
1127 2745 1284 2799 itaque
1311 2752 1354 2785 Β
1379 2747 1383 2798 1
1414 2743 1559 2786 solvet
1583 2748 1674 2784 NP
1705 2743 1781 2786 Vt:
1814 2742 1936 2785 solve

268 2808 313 2842 Β
335 2801 471 2843 solvit
494 2820 525 2843 a
647 2807 700 2843 23
732 2816 872 2844 manu
911 2803 1112 2845 mittitur
1145 2804 1332 2846 Meister
1453 2807 1507 2845 24
1546 2802 1658 2844 item
1683 2801 1940 2844 Francius:

268 2859 392 2902 idem
512 2866 565 2903 31
601 2861 781 2904 diducit
812 2870 871 2904 P:
907 2861 1095 2904 deducit
1125 2869 1207 2904 AB
