2055 3130
820 84 876 127 Π.
912 89 981 139 17,
1014 88 1202 127 24—36.
1752 86 1854 136 117

173 225 359 286 alioqui
398 225 484 272 ubi
521 226 707 272 iniusta
748 240 894 272 631153
934 226 1021 285 est,
1072 224 1143 270 ibi
1180 225 1423 271 rhetorice
1468 241 1566 272 non
1611 227 1697 285 est,
1737 226 1858 272 adeo

171 302 229 347 ut
282 300 365 347 vix
421 299 703 346 admirabili
759 298 972 359 quodam
1027 313 1143 346 63511
1191 298 1350 359 possit
1405 298 1644 358 accidere,
1694 301 1753 345 ut
1804 315 1860 346 ex

172 376 383 434 utraque
422 376 565 435 parte
605 374 785 433 orator,
824 372 876 418 id
917 374 990 419 est
1029 373 1107 419 vir
1144 371 1301 419 bonus
1342 372 1489 419 dicat.
1528 375 1695 420 tamen
1737 389 1857 433 quo-
1884 375 1945 419 32

172 449 308 495 niam
347 448 438 495 hoc
471 463 664 508 quoque
697 448 749 492 in
779 463 946 493 rerum
977 448 1210 493 naturam
1242 446 1389 506 cadit,
1429 449 1487 493 ut
1520 446 1639 495 duos
1665 449 1857 507 sapien-

129 538 147 570 5
172 524 246 569 tes
289 521 554 582 aliquando
593 522 753 568 iustae
795 535 969 567 causae
1007 521 1060 566 in
1101 520 1347 568 diversum
1397 521 1616 579 trahant,
1665 521 1860 581 quando

174 597 325 643 etiam
362 597 670 657 pugnaturos
712 610 792 642 eos
831 596 962 640 inter
1002 610 1065 654 se,
1115 595 1157 642 si
1203 595 1332 641 ratio
1379 595 1452 642 ita
1501 595 1710 655 duxerit,
1762 610 1860 642 cre-

173 670 311 730 dunt,
348 668 652 730 respondebo
692 668 962 730 proposit-is
996 670 1145 729 atque
1177 669 1251 715 ita
1284 669 1496 729 quidem,
1535 671 1592 715 ut
1625 671 1864 730 appareat

173 744 293 790 haec
333 743 565 790 adversus
619 758 699 789 eos
747 758 941 803 quoque
995 743 1182 789 frustra
1238 744 1532 806 excogitata,
1585 742 1669 804 (1111
1715 743 1862 790 1113115

172 816 390 864 moribus
429 832 608 864 nomen
648 817 858 864 oratoris
897 816 1171 879 indulgent.
1212 834 1328 863 nam
1360 817 1602 864 rhetorice
1642 833 1740 864 non
1790 819 1863 865 est
1887 818 1951 862 33

107 889 152 939 16
175 891 423 939 contraria
463 891 582 938 sibi:
624 906 770 938 causa
804 890 933 937 enim
967 906 1076 938 cum
1110 906 1272 951 causa,
1312 907 1411 938 non
1443 891 1530 937 illa
1563 906 1729 938 56611111
1751 893 1864 952 ipsa

175 967 499 1026 componitur.
540 981 629 1012 neo
669 965 710 1012 si
748 967 972 1028 pugnent
1010 965 1142 1011 inter
1181 981 1230 1012 se
1273 965 1359 1026 qui
1396 964 1528 1012 idem
1569 965 1863 1025 didicerunt,

172 1039 354 1086 idcirco
390 1055 482 1100 ars,
523 1055 650 1100 quae
683 1039 883 1100 utrique
914 1039 1102 1086 tradita
1143 1041 1229 1099 est,
1269 1056 1367 1087 non
1401 1040 1516 1085 erit:
1558 1039 1745 1100 alioqui
1776 1054 1865 1087 nec

174 1129 436 1174 armorum,
480 1114 596 1174 quia
636 1129 782 1175 saepe
823 1114 1124 1176 gladiatores
1165 1113 1254 1160 sub
1287 1113 1457 1160 eodem
1481 1115 1722 1176 magistro
1757 1130 1862 1160 eru-

175 1187 270 1235 diti
307 1189 439 1234 inter
472 1204 521 1235 se
551 1191 927 1248 componuntur,
978 1203 1067 1235 nec
1097 1187 1418 1250 gubernandi,
1449 1189 1566 1249 quia
1602 1188 1863 1236 navalibus
1889 1187 1954 1232 34

106 1278 148 1309 15
173 1262 374 1324 proeliis
393 1262 695 1325 gubernator
714 1263 786 1309 est
804 1262 1122 1325 gubernatori
1137 1262 1386 1321 adversus,
1412 1278 1500 1309 nec
1529 1262 1866 1323 imperatoria,

174 1338 292 1397 quia
304 1338 576 1398 imperator
591 1351 700 1383 oum
713 1337 1013 1397 imperatore
1027 1336 1292 1383 contendit.
1307 1337 1428 1383 item
1441 1353 1540 1383 non
1552 1338 1729 1383 evertit
1744 1352 1865 1397 opus

172 1412 431 1471 rhetorice,
457 1411 589 1472 quod
614 1410 779 1471 efficit,
812 1426 969 1471 neque
997 1411 1127 1457 enim
1151 1411 1370 1472 positum
1396 1427 1422 1457 a
1443 1426 1491 1457 se
1518 1414 1867 1474 argumentum

175 1485 323 1532 solvit
363 1487 543 1545 orator,
584 1485 670 1532 sed
707 1501 769 1532 ne
792 1485 1036 1532 rhetorice
1069 1485 1284 1546 quidem,
1324 1486 1441 1546 quia
1475 1485 1606 1546 apud
1649 1501 1746 1545 eos,
1781 1485 1867 1546 qui

174 1559 226 1605 in
265 1559 604 1621 persuadendo
645 1558 790 1606 finem
829 1561 1025 1620 putant,
1067 1561 1156 1606 aut
1195 1561 1238 1606 si
1279 1561 1404 1620 quis,
1452 1562 1509 1606 ut
1558 1559 1673 1619 dixi,
1726 1574 1866 1606 casus

108 1650 150 1681 20
177 1633 297 1680 duos
337 1633 468 1681 inter
508 1648 557 1681 se
596 1633 751 1681 bonos
790 1635 921 1680 viros
963 1634 1308 1695 composuerit,
1347 1635 1454 1680 veri
1493 1634 1678 1681 similia
1718 1650 1867 1694 quae-

173 1709 367 1755 rentur:
415 1724 514 1755 non
555 1710 735 1768 autem,
788 1709 831 1755 si
882 1707 1001 1768 quid
1042 1711 1114 1755 est
1165 1709 1322 1755 altero
1375 1708 1674 1767 credibilius,
1723 1708 1777 1755 id
1823 1709 1869 1755 ei

175 1781 479 1829 contrarium
520 1784 608 1841 est,
648 1782 779 1843 quod
819 1782 917 1829 fuit
957 1782 1204 1829 credibile.
1251 1798 1368 1829 nam
1407 1785 1463 1829 ut
1503 1782 1710 1830 candido
1753 1798 1866 1829 can-
1891 1782 1954 1827 35

175 1855 337 1903 didius
379 1858 428 1903 et
468 1856 601 1904 dulci
639 1856 831 1903 dulcius
871 1872 967 1903 non
1009 1861 1083 1904 est
1123 1856 1399 1916 adversum,
1450 1858 1524 1904 ita
1563 1872 1652 1903 1166
1690 1857 1867 1918 proba-

174 1930 267 1978 bili
304 1930 623 1992 probabilius.
664 1946 822 1991 neque
862 1931 1108 1991 praecipit
1146 1947 1384 1992 umquam
1414 1947 1513 1978 non
1546 1931 1754 1979 dicenda
1779 1946 1868 1978 nec

108 2021 149 2053 25
176 2004 394 2052 dicendis
428 2005 691 2065 contraria,
732 2005 816 2052 sed
848 2021 973 2066 (11136
1006 2005 1057 2051 111
1091 2021 1286 2067 quaque
1320 2021 1468 2053 causa
1500 2004 1707 2052 dicenda
1740 2008 1867 2052 sunt.

175 2095 275 2126 non
314 2095 505 2140 semper
538 2081 703 2126 autem
744 2079 802 2139 ei,
836 2079 1031 2126 etiamsi
1063 2079 1476 2140 frequentissime,
1523 2079 1707 2126 tuenda
1742 2081 1870 2126 veri-
1894 2080 1957 2123 36

174 2155 253 2201 tas
295 2155 403 2213 erit,
443 2153 528 2201 sed
567 2153 834 2214 aliquando
876 2153 1030 2217 exigit
1069 2154 1341 2201 communis
1381 2154 1589 2214 utilitas,
1629 2156 1686 2201 ut
1717 2155 1870 2201 etiam

176 2228 305 2276 falsa
345 2227 590 2275 defendat.

287 2302 546 2349 Ponuntur
584 2302 677 2348 hae
718 2318 911 2363 quoque
951 2304 1003 2348 in
1043 2301 1255 2350 secundo
1290 2301 1538 2350 Ciceronis
1570 2302 1628 2349 de
1662 2300 1869 2349 Oratore

109 2392 152 2424 30
177 2376 303 2423 libro
367 2376 802 2424 contradictiones:
867 2372 1041 2423 ‘art-em
1107 2393 1277 2424 earum
1336 2393 1502 2424 rerum
1564 2392 1681 2437 esse,
1744 2392 1869 2438 (11136

178 2451 424 2498 sciantur:
513 2451 724 2498 oratoris
813 2467 1008 2498 omnem
1092 2452 1337 2498 actionem
1425 2452 1683 2512 opinione,
1771 2466 1870 2497 non

178 2525 386 2572 scientia
441 2526 696 2584 contineri,
767 2526 886 2586 quia
941 2527 990 2572 et
1060 2525 1193 2587 apud
1263 2541 1344 2574 eos
1414 2525 1562 2585 dicat,
1633 2526 1719 2586 (1111
1786 2540 1870 2571 ne-

298 2654 352 2692 29
385 2650 452 2693 Ι)6
490 2654 604 2694 orat.
640 2656 680 2705 2,
717 2657 754 2705 7,
790 2655 844 2694 30

301 2788 323 2826 7
355 2785 410 2826 ut
441 2798 509 2828 om
542 2793 579 2826 Α
731 2790 755 2827 9
795 2784 1076 2842 indulgeant
1113 2793 1150 2826 A
1316 2791 1366 2827 11
1409 2798 1619 2842 pugnare
1658 2784 1781 2827 inter
1820 2798 1868 2826 56

181 2841 371 2897 quidem
401 2852 439 2885 Α
563 2849 615 2886 17
651 2842 807 2887 effecit
838 2852 883 2886 P
1003 2849 1056 2888 18
1090 2845 1172 2887 56(1
1203 2859 1261 2887 116
1294 2844 1360 2887 rh.
1395 2844 1586 2899 quidem
1626 2844 1698 2888 del
1722 2844 1869 2887 Loch-

180 2915 324 2945 marm
445 2906 500 2945 23
531 2902 769 2958 probabili
801 2917 870 2947 om
902 2911 947 2945 B
1066 2908 1120 2946 26
1155 2903 1198 2946 ei
1229 2918 1300 2948 om
1331 2912 1421 2946 BP
1539 2908 1592 2946 27
1627 2903 1726 2960 sed]
1761 2905 1808 2946 et
1831 2910 1868 2943 Α
