2007 3120
646 100 700 144 Π.
738 106 805 155 11,
839 106 967 144 2—7.
1005 105 1072 155 12,
1107 105 1234 144 1—7.
1720 103 1789 154 97

106 277 331 335 [QUARE
348 277 664 320 TNERUDITI
679 276 1144 321 INGENIOSIORES
1159 276 1360 321 VULGO
1376 278 1788 337 HABEANTUR]

216 389 325 435 ΧΠ.
365 389 439 435 Ne
479 388 568 434 1100
602 387 801 448 quidem
831 390 1130 450 negaverim,
1171 389 1310 449 sequi
1341 390 1629 451 plerumque
1661 391 1788 438 hanc
1825 397 1850 441 1

106 462 402 523 opinionem,
449 464 506 508 ut
555 462 732 508 fortius
781 462 940 509 dicere
993 462 1256 509 videantur
1315 463 1518 523 indocti,
1572 466 1788 525 primum

105 538 229 584 11110
270 536 397 583 111010
436 535 777 595 iudicantium,
826 537 915 596 qui
951 538 1189 583 maiorem
1229 537 1407 584 habere
1447 538 1549 584 11111
1581 539 1789 585 credunt

60 629 79 660 5
107 627 177 669 ea,
218 626 343 671 quae
382 626 480 656 non
526 609 711 656 habent
754 611 924 668 artem,
977 612 1035 657 ut
1083 610 1341 673 effringere
1391 627 1540 672 quam
1581 614 1787 673 aperire,

102 700 327 744 rumpere
370 700 516 744 quam
565 684 768 742 solvere,
814 684 1009 731 trahere
1058 700 1207 744 quam
1262 685 1436 733 ducere
1483 689 1664 746 putant
1708 703 1785 733 ro-

103 758 305 805 bustius.
346 773 461 804 nam
502 759 551 804 et
589 758 854 820 gladiator,
894 759 980 819 qui
1028 774 1275 804 armorum
1316 759 1498 806 inscius
1537 760 1589 806 in
1627 762 1787 808 rixam

103 832 216 892 ruit,
258 834 307 879 et
343 832 571 891 10010101,
613 832 699 893 qui
738 833 894 878 totius
936 834 1152 892 corporis
1192 834 1304 879 nisu
1343 835 1396 879 in
1434 833 1500 893 id,
1543 834 1673 895 quod
1714 851 1784 882 30-

100 906 199 952 mel
236 907 436 965 invasit,
475 905 732 964 incumbit,
771 905 948 953 fortior
987 905 1048 953 ab
1081 907 1156 953 his
1188 909 1408 967 vocatur,
1448 923 1561 954 cum
1584 908 1787 955 interim

10 986 77 1029 ἰο
103 982 151 1026 et
188 980 268 1027 hic
306 980 589 1040 frequenter
628 982 726 1027 suis
776 979 962 1027 viribus
1009 982 1114 1040 ipse
1161 981 1494 1041 prosternitur
1542 985 1590 1029 01
1639 983 1786 1029 illum

99 1054 401 1100 vehementis
440 1054 653 1114 impetus
694 1055 877 1114 excipit
910 1054 1180 1102 adversarii
1210 1055 1375 1103 mollis
1410 1057 1659 1103 articulus.
1701 1057 1785 1103 sed

101 1131 217 1175 sunt
247 1129 300 1174 in
324 1129 416 1175 hac
439 1131 595 1189 parte,
638 1144 761 1188 quae
793 1128 1049 1189 imperitos
1075 1130 1226 1175 etiam
1258 1130 1556 1177 naturaliter
1579 1131 1783 1191 fallant,

98 1217 214 1248 nam
253 1204 303 1248 et
341 1202 533 1263 divisio,
574 1218 684 1249 011111
723 1202 992 1262 plurimum
1029 1203 1195 1250 valeat
1243 1205 1296 1250 in
1351 1205 1525 1264 causis,
1574 1205 1784 1266 speciem

99 1277 284 1323 virium
320 1277 515 1336 minuit,
563 1282 611 1323 01
649 1276 792 1323 rudia
830 1277 1002 1338 politis
1042 1279 1232 1324 maiora
1274 1280 1322 1324 et
1369 1293 1538 1339 sparsa
1587 1294 1782 1340 compo-

14 1367 73 1400 '15
99 1351 208 1398 Sitis
247 1352 585 1398 numerosiora
626 1351 902 1397 creduntur.
945 1354 1018 1398 est
1056 1354 1312 1412 praeterea
1354 1353 1595 1413 quaedam
1626 1354 1783 1400 1111311-

97 1426 204 1471 tum
242 1425 576 1486 vitiorumque
617 1426 813 1485 vicinia,
855 1441 956 1486 qua
993 1426 1261 1473 maledicus
1300 1443 1390 1487 pro
1422 1427 1591 1487 libero,
1631 1431 1781 1474 teme-

96 1498 256 1546 rarius
294 1515 383 1559 pro
423 1499 557 1559 forti,
605 1499 784 1546 effusus
830 1515 919 1560 pro
971 1496 1169 1561 copioso
1217 1501 1471 1561 accipitur.
1527 1502 1782 1548 maledicit

98 1575 265 1619 autem
314 1573 590 1620 ineruditus
643 1573 860 1633 apertius
914 1576 963 1620 01
1018 1574 1212 1635 saepius
1266 1575 1345 1621 vel
1400 1591 1508 1622 cum
1562 1576 1779 1637 periculo

97 1648 312 1708 suscepti
349 1647 635 1709 litigatoris,
682 1647 966 1708 frequenter
1005 1648 1157 1695 etiam
1208 1664 1307 1695 500.
1365 1649 1526 1696 adfert
1581 1653 1630 1697 et
1682 1652 1781 1696 ista

31 1739 74 1771 20
96 1736 172 1768 res
214 1722 508 1782 opinionem,
552 1722 668 1782 quia
707 1721 1029 1769 libentissime
1060 1723 1282 1769 homines
1307 1723 1518 1771 audiunt
1543 1740 1613 1783 ea,
1655 1740 1780 1784 quae

96 1796 255 1842 dicere
294 1795 392 1856 ipsi
429 1796 715 1843 noluissent.
754 1796 882 1842 illud
923 1812 1117 1858 quoque
1159 1797 1383 1857 alterum,
1431 1799 1562 1858 quod
1609 1804 1683 1845 est
1728 1799 1781 1845 in

95 1869 370 1917 elocutione
422 1870 532 1930 ipsa
584 1871 873 1930 periculum,
928 1872 1089 1918 minus
1145 1873 1276 1917 vitat
1322 1876 1623 1933 conaturque
1670 1889 1779 1933 per-

96 1945 212 2002 dite,
251 1944 379 1990 unde
420 1946 585 1991 evenit
616 1960 1000 2006 nonnumquam,
1040 1948 1096 1991 ut
1129 1945 1318 2006 aliquid
1351 1946 1534 2008 grande
1557 1946 1780 1994 inveniat

96 2019 182 2079 qui
220 2033 411 2078 semper
450 2019 644 2079 quaerit
685 2018 814 2079 quod
853 2018 1062 2065 nimium
1109 2022 1203 2066 est:
1251 2036 1423 2066 verum
1469 2021 1521 2067 id
1569 2023 1619 2067 et
1663 2037 1776 2067 raro

28 2109 70 2141 25
94 2093 324 2154 provenit
363 2094 412 2139 et
449 2101 612 2140 cetera
650 2092 775 2139 vitia
813 2109 912 2140 non
949 2096 1140 2154 pensat.

203 2167 412 2228 Propter
449 2166 540 2214 1100
583 2182 775 2228 quoque
815 2167 1063 2214 interdum
1102 2167 1332 2214 videntur
1362 2168 1551 2215 indocti
1584 2169 1778 2229 copiam

94 2240 273 2289 habere
311 2242 563 2300 maiorem,
606 2241 736 2302 quod
776 2241 945 2288 dicunt
985 2243 1162 2301 omnia,
1204 2242 1359 2289 doctis
1401 2245 1474 2289 est
1513 2244 1562 2290 et
1603 2244 1775 2291 electio

95 2318 144 2361 et
181 2315 368 2362 modus.
407 2315 483 2362 his
524 2314 726 2375 accedit,
766 2315 899 2376 quod
939 2332 968 2362 a
1008 2332 1124 2363 cura
1163 2316 1369 2363 docendi
1402 2317 1532 2377 quod
1555 2316 1775 2364 intende-

94 2390 195 2435 rint
231 2389 478 2435 recedunt.
518 2389 687 2450 itaque
726 2389 854 2436 illud
894 2391 1240 2451 quaestionum
1280 2393 1328 2437 et
1368 2394 1776 2454 argumentorum

26 2481 70 2512 30
95 2462 226 2522 apud
264 2466 494 2524 corrupta
531 2463 718 2510 iudicia
755 2464 913 2525 frigus
953 2465 1143 2511 evitant
1181 2465 1403 2525 nihilque
1436 2465 1585 2525 aliud,
1627 2481 1776 2526 quam

94 2553 190 2598 quo
237 2537 318 2583 vel
369 2538 535 2598 pravis
582 2537 922 2598 voluptatibus
981 2554 1121 2585 aures
1170 2539 1515 2587 adsistentium
1559 2540 1774 2600 permul-

93 2614 249 2671 ceant,
283 2614 538 2670 quaerunt.
572 2612 844 2658 sententiae
871 2627 1065 2673 quoque
1089 2612 1241 2673 ipsae,
1275 2629 1396 2674 quas
1422 2614 1552 2661 solas
1582 2615 1774 2674 petunt,

92 2686 250 2747 magis
291 2685 519 2745 eminent,
560 2701 670 2732 cum
710 2686 877 2732 omnia
916 2687 1045 2732 circa
1083 2687 1197 2734 illas
1238 2687 1434 2734 sordida
1482 2690 1531 2733 et
1580 2687 1773 2735 abiecta

212 2802 236 2838 5
267 2796 475 2840 habeant
504 2804 542 2838 A
664 2801 688 2839 9
721 2796 936 2839 incubuit
966 2805 1013 2839 Β
1038 2800 1042 2853 Ι
1072 2797 1130 2840 ab
1163 2797 1221 2840 iis
1252 2806 1299 2840 B
1416 2802 1473 2840 24
1504 2798 1554 2840 id
1586 2813 1653 2841 om
1689 2807 1775 2840 ΡΒ

89 2857 251 2900 habuit
280 2861 334 2898 Ν
349 2862 456 2911 post
482 2868 587 2898 1010
623 2856 699 2912 (2)
846 2860 899 2898 25
933 2857 1087 2899 evenit
1116 2864 1207 2899 BP
1230 2858 1235 2913 Ι
1265 2859 1391 2900 00110
1422 2857 1537 2900 11110
1568 2865 1658 2900 BP

91 2921 144 2958 31
179 2914 649 2970 quod—permulceat
679 2924 716 2957 A

179 2998 489 3037 Qvnvmmmxvs,
514 2998 569 3028 ed.
594 2998 952 3030 Radermacher.
976 2999 1006 3029 1.
1479 2994 1502 3032 7

1848 767 1875 810 10
