2055 3130
236 64 346 117 288
778 65 1150 118 QVINTILIANI
1179 65 1330 110 INST.
1365 66 1458 111 ΟΒ.

238 203 451 252 cundum
492 205 651 264 legem
691 203 907 251 dicturos
948 206 1244 251 sententiam
1276 205 1333 251 de
1366 205 1596 253 confessis
1628 207 1910 266 praecipere

239 277 500 324 ridiculum
541 280 625 323 est.
676 293 789 338 ergo
837 293 963 338 quae
1012 293 1168 337 neque
1222 280 1392 341 negari
1444 293 1600 338 neque
1654 279 1911 326 transferri

242 353 462 411 possunt,
501 351 672 410 utique
712 350 1013 397 defendenda
1051 354 1185 408 sunt,
1225 352 1601 412 qualiacumque
1641 355 1774 410 sunt,
1825 356 1911 399 aut

240 439 391 471 causa
438 423 716 470 cedendum.
769 423 982 485 negandi
1036 423 1280 484 duplicem
1334 424 1634 472 ostendimus
1688 425 1910 484 formam,

241 499 329 543 aut
366 511 463 542 non
503 511 603 544 esse
643 497 829 542 factum
869 499 954 543 aut
993 512 1090 543 non
1128 498 1219 544 1100
1260 513 1375 558 0550,
1424 498 1553 558 quod
1599 499 1784 544 factum
1830 500 1907 545 sit.

243 585 367 629 quae
406 585 562 629 neque
602 568 795 616 defendi
833 585 991 630 neque
1030 570 1285 617 transferri
1334 574 1554 630 possunt,
1607 571 1776 632 utique
1828 587 1910 617 ne-

243 642 419 704 ganda,
466 657 554 689 nec
593 643 751 690 solum
798 644 841 689 si
893 642 1050 689 finitio
1104 646 1266 704 potest
1320 659 1421 691 esse
1475 660 1563 705 pro
1617 644 1772 704 nobis,
1827 644 1909 691 sed

176 723 209 766 8
242 717 389 762 etiam
429 717 472 762 si
509 716 640 762 nuda
678 715 910 762 infitiatio
954 720 1186 776 superest.
1233 720 1382 764 testes
1435 720 1602 763 erunt:
1652 718 1810 764 multa
1857 719 1910 764 in

240 804 319 836 eos
359 789 515 835 dicere
555 790 691 848 licet,
732 789 1132 852 chirographum:
1172 789 1229 836 de
1270 790 1590 837 similitudine
1629 791 1909 838 litterarum

239 862 583 910 disserendum.
624 864 795 923 utique
827 863 952 909 nihil
983 863 1076 909 erit
1107 865 1246 923 peius
1273 879 1420 924 quam
1437 864 1695 911 confessio.
1735 863 1910 910 ultima

239 939 312 984 est
351 938 558 982 actionis
599 937 952 995 controversia,
1002 952 1110 982 cum
1158 936 1447 984 defendendi
1493 937 1765 1000 negandive
1811 953 1911 984 non

174 1017 208 1059 9
242 1012 316 1056 est
352 1010 490 1056 100115
531 1004 603 1073 [id
637 1012 709 1057 est
739 1004 952 1073 relatio]
993 1011 1132 1070 atqui
1165 1009 1405 1071 quaedam
1438 1014 1564 1069 sunt,
1604 1025 1731 1071 quae
1754 1026 1910 1071 neque

239 1083 409 1145 negari
447 1098 604 1144 neque
645 1083 840 1130 defendi
877 1098 1033 1143 neque
1079 1084 1337 1130 transferri
1387 1087 1603 1144 possunt.
1661 1080 1912 1130 ‘adulterii

237 1172 323 1203 rea
362 1159 448 1215 est,
489 1172 613 1217 quae
655 1172 765 1203 011111
805 1172 930 1203 311110
970 1157 1119 1203 vidua
1157 1158 1344 1215 fuisset,
1385 1158 1528 1203 enixa
1560 1153 1674 1204 est':
1714 1158 1774 1203 lis
1813 1173 1911 1203 non

240 1231 346 1276 erit.
389 1245 537 1290 quare
576 1230 702 1276 illud
743 1226 1031 1277 stultissime
1070 1231 1385 1291 praecipitur,
1427 1231 1555 1291 quod
1595 1229 1788 1277 defendi
1812 1246 1911 1277 non
1959 1248 1973 1256 ·

238 1304 410 1364 possit,
450 1303 645 1350 silentio
686 1303 1117 1362 dissimulandum,
1169 1305 1211 1350 si
1251 1304 1447 1363 quidem
1486 1306 1559 1351 est
1589 1303 1661 1361 id,
1709 1303 1766 1350 de
1815 1319 1910 1364 quo

147 1384 214 1427 ‘10
239 1377 384 1422 iudex
422 1378 829 1437 pronuntiaturus
869 1379 953 1423 est.
1012 1380 1063 1423 at
1101 1378 1143 1424 si
1193 1380 1330 1424 extra
1377 1392 1574 1424 causam
1623 1379 1688 1425 sit
1734 1376 1910 1424 adduc-

238 1454 346 1497 tum
386 1453 434 1496 et
473 1454 667 1497 tantum
718 1451 1054 1509 coniunctum,
1100 1451 1271 1497 malim
1317 1451 1515 1512 quidem
1562 1450 1739 1510 dicere,
1786 1451 1912 1497 nihil

239 1524 290 1569 id
331 1524 391 1569 ad
432 1525 770 1585 quaestionem
816 1539 904 1570 nec
945 1538 1044 1571 esse
1095 1525 1147 1570 in
1194 1524 1254 1572 iis
1303 1524 1594 1571 morandum
1649 1526 1698 1570 et
1750 1526 1910 1570 minus

239 1612 340 1644 esse
382 1613 529 1658 quam
570 1597 875 1645 adversarius
915 1597 1058 1644 dicat.
1099 1601 1263 1644 tamen
1303 1597 1416 1644 huic
1448 1598 1582 1644 velut
1606 1597 1951 1646 simulationi-

240 1670 500 1718 oblivionis
540 1671 812 1733 ignoscam,
861 1670 1003 1717 debet
1043 1672 1171 1717 enim
1211 1671 1364 1718 bonus
1406 1671 1671 1718 advocatus
1711 1687 1800 1732 pro
1840 1672 1911 1717 rei

240 1744 397 1791 salute
435 1744 629 1791 brevem
670 1745 1007 1806 neglegentiae
1039 1747 1402 1804 reprensionem
1435 1761 1531 1792 non
1555 1746 1909 1805 pertimescere.

152 1825 210 1868 11
349 1817 627 1864 Videndum
668 1819 832 1877 etiam,
884 1818 1029 1865 simul
1068 1818 1207 1865 nobis
1247 1819 1390 1878 plura
1438 1818 1765 1881 adgredienda
1813 1819 1910 1865 sint
2054 1826 2055 1891 1

240 1908 302 1938 311
343 1891 617 1938 amolienda
658 1892 865 1954 singula.
907 1892 1049 1953 plura
1090 1892 1236 1939 simul
1274 1891 1568 1950 invadimus,
1608 1893 1650 1939 si
1689 1894 1778 1938 aut
1805 1894 1907 1938 tam
2054 1916 2055 1939 1

239 1965 430 2012 infirma
471 1968 598 2024 sunt,
647 1968 702 2011 ut
748 1967 935 2026 pariter
973 1965 1147 2026 inpelli
1185 1966 1390 2026 possint,
1432 1969 1516 2012 aut
1555 1968 1658 2012 tam
1689 1965 1908 2023 molesta,
1935 1983 1976 2013 25

241 2046 295 2085 ut
334 2038 506 2099 pedem
547 2039 762 2085 conferre
803 2054 912 2086 cum
953 2038 1158 2100 singulis
1198 2055 1296 2085 non
1335 2039 1582 2099 expediat:
1636 2042 1742 2085 tum
1781 2039 1909 2085 enim

239 2115 344 2159 toto
377 2128 576 2172 corpore
610 2111 928 2159 obnitendum
968 2116 1029 2171 et,
1069 2115 1126 2158 ut
1165 2114 1234 2159 510
1267 2112 1486 2171 dixerim,
1526 2112 1718 2159 derecta
1749 2112 1909 2158 fronte

152 2192 213 2235 12
239 2186 557 2247 pugnandum
620 2189 705 2232 est.
768 2186 980 2244 interim,
1035 2187 1075 2233 si
1126 2186 1363 2232 resolvere
1418 2202 1473 2233 ex
1524 2188 1663 2246 parte
1718 2186 1909 2232 diversa

240 2259 370 2307 dicta
411 2258 658 2306 difficilius
699 2260 806 2318 erit,
846 2261 1016 2307 nostra
1057 2263 1345 2321 argumenta
1378 2275 1486 2306 cum
1519 2259 1909 2306 adversariorum

241 2334 541 2396 argumentis
582 2334 898 2392 conferemus,
950 2334 993 2380 si
1030 2333 1173 2380 modo
1213 2333 1331 2380 haec
1371 2335 1427 2379 ut
1465 2333 1738 2379 valentiora
1777 2332 1907 2379 vide·
1934 2349 1976 2380 30

240 2409 387 2453 antur
426 2406 554 2453 effici
591 2408 785 2467 poterit.
828 2422 952 2466 quae
991 2422 1105 2453 vero
1144 2407 1290 2452 turba
1336 2407 1591 2464 valebunt,
1639 2405 1909 2452 diducenda

240 2483 396 2533 erunt,
438 2482 506 2537 ut,
548 2479 677 2540 quod
715 2480 864 2540 paulo
904 2483 1017 2526 ante
1058 2480 1178 2526 dixi:
1222 2476 1376 2526 ‘heres
1417 2494 1522 2526 eras
1563 2482 1611 2525 et
1641 2495 1830 2540 pauper
1862 2482 1909 2525 et

360 2668 413 2706 10
447 2664 721 2707 disseremus
746 2671 814 2705 Ab
936 2669 987 2705 12
1021 2663 1070 2706 id
1095 2666 1165 2706 est
1188 2663 1353 2707 relatio
1377 2665 1462 2706 secl
1484 2664 1708 2720 Spalding]
1735 2664 1740 2720 1
1769 2664 1907 2718 atque

239 2730 308 2763 Ab
335 2724 341 2779 Ι
371 2723 462 2764 51111
486 2731 522 2764 A
645 2727 697 2765 13
730 2722 911 2777 possint
934 2731 970 2763 A
1094 2728 1144 2765 17
1180 2724 1225 2765 01
1259 2723 1512 2765 3(1(1110111111
1536 2730 1602 2763 Ab
1723 2726 1778 2764 20
1811 2734 1908 2764 esse

234 2795 309 2824 om
335 2789 378 2822 B
403 2784 408 2835 Ι
438 2781 553 2824 (11011
575 2789 664 2824 ΒΡ
688 2784 692 2835 Ι
720 2782 829 2824 111110
855 2780 978 2823 velut
996 2787 1063 2824 N:
1090 2781 1215 2824 velut
1238 2781 1347 2823 huic
1363 2788 1489 2823 ABP
1503 2781 1572 2823 vel
1589 2781 1697 2823 huic
1724 2781 1911 2824 Meister

360 2845 412 2882 27
447 2840 716 2883 enitendum
748 2848 792 2882 B
821 2840 1151 2882 obenitendum
1183 2843 1255 2897 ΡΙ
1285 2840 1460 2882 (1110013
1496 2839 1654 2882 ΑΞΡΝ
