2055 3130
29 884 70 914 10

26 1623 69 1654 20

25 1993 68 2024 25

25 2363 68 2394 30

749 60 827 104 IV.
860 66 900 113 2,
935 64 1122 103 58—69.
1673 61 1779 112 211

98 203 263 263 plures
302 204 468 263 partes
507 202 716 262 placere.
757 216 872 248 nam
903 203 1252 260 praeterquam
1275 200 1516 260 planam
1558 203 1615 246 et
1653 199 1781 246 bre-

97 291 224 322 vem
275 279 331 323 et
379 275 728 322 credibilem
774 274 882 321 vult
923 288 1025 320 esse
1081 273 1438 333 evidentem,
1493 277 1783 320 moratam

99 366 226 396 cum
268 350 581 411 dignitate.
623 347 707 395 sed
745 349 797 393 in
823 346 1044 394 oratione
1069 349 1262 393 morata
1287 346 1464 393 debent
1490 362 1590 394 esse
1618 349 1784 394 omnia

98 439 206 470 cum
260 423 519 485 dignitate,
582 437 709 482 quae
763 423 1020 482 poterunt:
1077 420 1324 467 evidentia
1377 422 1429 467 in
1483 422 1782 480 narratione,

99 500 338 558 quantum
391 511 479 557 ego
530 496 780 557 intellego,
836 497 909 541 est
966 494 1166 555 quidem
1211 510 1392 556 magna
1442 495 1615 554 virtus,
1672 509 1781 541 cum

98 571 218 631 quid
256 571 362 617 veri
400 585 499 616 non
538 569 812 628 dicendum,
864 567 947 615 sed
998 568 1358 629 quodammodo
1416 569 1567 614 etiam
1623 571 1783 615 osten-

98 644 310 691 dendum
351 647 439 703 est,
481 643 564 689 sed
605 642 761 690 subici
799 643 1146 703 perspicuitati
1184 644 1361 704 potest.
1405 657 1552 703 quam
1580 642 1783 702 quidam

97 719 249 764 etiam
290 718 591 764 contrariam
629 717 829 763 interim
868 719 1185 777 putaverunt,
1234 716 1349 777 quia
1389 718 1440 762 in
1488 716 1783 777 quibusdam

96 792 255 838 causis
296 791 605 838 obscuranda
644 791 828 838 veritas
869 793 1008 837 esset.
1050 790 1181 850 quod
1222 794 1294 836 est
1326 789 1612 850 ridiculum,
1667 806 1782 837 nam
1809 790 1871 834 65

96 865 181 926 qui
221 866 481 913 obscurare
521 865 645 924 vult,
683 867 853 911 narrat
892 864 1021 911 falsa
1060 880 1149 926 pro
1188 866 1318 911 veris
1366 867 1414 911 et
1452 864 1505 910 in
1551 864 1643 923 his,
1685 880 1781 925 qua

94 943 288 999 narrat,
336 938 479 986 debet
518 938 765 998 laborare,
812 941 869 985 ut
906 938 1170 985 videantur
1209 954 1358 999 quam
1399 938 1781 985 evidentissima.

208 1013 303 1060 Sed
344 1016 585 1074 quatenus
626 1013 775 1060 etiarn
808 1013 934 1059 forte
968 1012 1181 1074 quadam
1206 1012 1519 1073 pervenimus
1560 1012 1622 1059 ad
1655 1012 1781 1058 diffi-
1809 1013 1871 1057 66

96 1087 236 1135 cilius
276 1088 615 1134 narrationum
657 1103 824 1150 genus,
863 1087 964 1132 iam
1005 1087 1062 1133 de
1103 1087 1170 1133 eis
1203 1086 1480 1147 loquamur,
1518 1085 1571 1131 ’111
1606 1087 1781 1147 quibus

94 1178 171 1209 res
214 1164 385 1208 contra
423 1176 511 1208 nos
554 1160 667 1207 erit:
711 1177 805 1222 quo
846 1160 953 1207 loc-o
986 1161 1212 1207 nonnulli
1236 1160 1645 1221 praetereundam
1671 1177 1781 1207 nar-

51 1255 70 1282 5
94 1238 339 1282 rationem
378 1237 695 1296 putaverunt.
738 1239 786 1282 et
825 1250 941 1282 sane
974 1235 1100 1281 nihil
1133 1237 1205 1281 est
1236 1235 1433 1281 facilius
1459 1235 1557 1281 nisi
1579 1250 1782 1295 prorsus

94 1313 253 1357 totam
310 1324 511 1356 causam
566 1311 764 1356 omnino
819 1324 917 1355 non
974 1324 1131 1371 agere.
1187 1308 1271 1356 sed
1327 1310 1370 1355 si
1424 1309 1594 1369 aliqua
1649 1309 1782 1355 iusta

92 1384 283 1430 ratione
323 1383 604 1430 huiusmodi
644 1383 913 1444 susceperis
952 1382 1107 1442 litem,
1147 1384 1282 1430 cuius
1325 1384 1446 1430 artis
1487 1386 1560 1430 est
1598 1383 1783 1429 malam

94 1473 198 1505 esse
239 1473 435 1504 causam
471 1457 668 1504 silentio
702 1455 956 1504 confiteri?
997 1459 1095 1504 nisi
1133 1457 1260 1504 forte
1285 1460 1391 1503 tam
1414 1456 1560 1503 hebes
1586 1458 1782 1503 futurus

95 1535 168 1579 est
206 1531 368 1591 iudex,
409 1535 465 1577 ut
506 1531 775 1578 secundum
813 1531 865 1577 id
904 1533 1207 1592 pronuntiet,
1248 1531 1379 1592 quod
1419 1532 1541 1578 sciet
1580 1547 1782 1578 narrare

94 1610 144 1653 te
182 1606 412 1653 noluisse.
453 1621 611 1666 neque
650 1605 834 1652 infitias
885 1621 940 1652 eo
980 1607 1031 1651 in
1071 1605 1355 1652 narratione
1395 1608 1451 1652 ut
1491 1606 1661 1666 aliqua
1699 1621 1780 1652 ne·
1807 1605 1868 1649 67

94 1680 271 1743 ganda,
312 1680 483 1740 aliqua
524 1679 793 1739 adicienda,
835 1679 1001 1740 aliqua
1033 1680 1287 1738 mutanda,
1328 1681 1397 1727 sic
1430 1680 1597 1740 aliqua
1632 1681 1783 1726 etiam

93 1754 324 1801 tacenda:
373 1754 455 1801 sed
501 1753 725 1813 tacenda,
766 1769 892 1814 quae
945 1757 1107 1800 tacere
1161 1753 1412 1814 oportebit
1468 1756 1514 1800 et
1570 1753 1783 1801 liberum

95 1830 202 1875 erit.
244 1828 374 1889 quod
414 1827 469 1874 fit
508 1844 879 1889 nonnumquam
902 1827 1162 1876 brevitatis
1190 1844 1383 1888 quoque
1417 1827 1594 1890 gratia,
1637 1828 1782 1888 quale

92 1902 216 1948 illud
258 1905 350 1950 est:
394 1898 667 1963 ‘respondit
707 1918 832 1963 quae
874 1903 919 1949 ei
957 1904 1120 1949 visum
1145 1898 1252 1949 est'.
1295 1902 1657 1964 distinguamus
1689 1902 1782 1964 igi—
1809 1902 1870 1945 68

91 1980 175 2023 tur
215 1992 396 2040 genera
443 1992 716 2023 causarum.
764 1992 976 2037 namque
1016 1976 1068 2022 in
1117 1976 1202 2037 iis,
1251 1978 1304 2023 in
1352 1976 1530 2037 quibus
1578 1992 1676 2023 non
1725 1976 1782 2023 de

94 2051 241 2112 culpa
282 2054 560 2111 quaeretur,
609 2050 693 2098 sed
745 2051 802 2097 de
851 2050 1058 2110 actione,
1115 2051 1266 2097 etiam
1322 2051 1363 2097 si
1414 2053 1555 2096 erunt
1611 2054 1783 2097 contra

92 2140 180 2172 nos
221 2125 458 2184 themata,
499 2124 721 2172 confiteri
761 2124 902 2172 nobis
942 2124 1134 2171 licebit:
1178 2121 1459 2185 ‘pecuniam
1498 2124 1555 2171 de
1594 2125 1781 2186 templo

93 2199 306 2260 sustulit,
348 2199 432 2245 sed
471 2201 735 2260 privatam,
783 2199 991 2259 ideoque
1032 2199 1298 2260 sacrilegus
1346 2215 1445 2245 non
1495 2201 1582 2245 est.
1631 2198 1781 2261 virgi-

91 2289 201 2319 nem
249 2273 431 2334 rapuit,
486 2289 585 2320 non
639 2277 807 2320 tamen
862 2272 999 2333 optio
1055 2274 1190 2334 patri
1244 2272 1454 2319 dabitur.
1511 2273 1779 2335 ingenuum
1808 2273 1871 2316 69

94 2348 357 2407 stupravit,
398 2350 446 2393 et
479 2350 734 2407 stupratus
777 2363 825 2394 se
867 2347 1143 2408 suspendit:
1184 2363 1283 2394 non
1322 2350 1489 2394 tamen
1527 2347 1638 2393 ideo
1681 2350 1781 2394 stu-

92 2423 266 2481 prator
306 2421 468 2483 capite
506 2424 564 2468 ut
604 2437 751 2469 causa
790 2423 964 2468 mortis
1003 2421 1254 2482 punietur,
1295 2421 1378 2469 sed
1421 2422 1583 2468 decem
1625 2421 1782 2480 milia,

212 2595 266 2632 24
300 2590 390 2634 Cic.
424 2591 552 2635 Verr.
589 2597 628 2644 2,
664 2595 733 2646 30,
769 2596 822 2634 73

214 2757 268 2795 10
284 2753 332 2795 111
350 2754 436 2806 his,
457 2755 569 2811 qua]
580 2753 628 2796 in
647 2767 739 2810 qua-
756 2762 801 2797 B
818 2754 867 2796 in
880 2755 954 2797 his
981 2754 1054 2806 (siis
1073 2757 1129 2810 P)
1148 2768 1268 2809 quae
1284 2762 1369 2796 ΑΡ
1383 2754 1463 2808 ch
1481 2759 1520 2807 8,
1541 2759 1565 2797 6
1583 2754 1647 2796 IV
1669 2760 1705 2807 1,
1728 2759 1779 2797 17

214 2817 266 2854 12
302 2812 382 2854 sed
406 2820 513 2857 BP:
547 2816 594 2856 et
624 2822 661 2855 A
785 2818 839 2856 25
865 2814 914 2855 in
938 2814 1011 2856 his
1037 2822 1093 2856 A:
1128 2828 1196 2857 om
1221 2822 1311 2856 BP
1429 2817 1483 2855 28
1510 2814 1615 2856 ideo
1643 2813 1780 2856 sacri-

91 2870 227 2927 legus
261 2873 333 2914 est
363 2879 452 2913 BP
482 2875 590 2927 (non
621 2873 727 2916 ideo
769 2873 920 2929 Valla)

1423 2947 1512 2988 14⁷²<
