2055 3130
784 59 861 104 IV.
895 63 934 112 5,
969 63 1127 102 8—20.
1694 60 1797 111 231

119 202 205 259 est,
246 201 312 246 sit
351 199 454 246 solo
494 199 751 258 utendum3
792 202 843 245 at
883 200 925 244 si
965 197 1083 259 quid
1121 197 1174 243 in
1215 213 1286 257 eo,
1327 198 1458 258 quod
1498 201 1571 245 est
1609 199 1801 259 fortius,
1832 206 1890 250 14

116 273 412 331 timebimus,
453 275 662 333 utraque
709 272 1001 332 probatione
1051 273 1279 318 nitemur.
1344 271 1472 318 alius
1522 273 1653 318 enim
1705 273 1802 319 alio

117 349 303 394 moveri
342 347 488 394 solet:
538 349 585 392 et
625 347 711 406 qui
749 346 933 392 factum
983 345 1202 406 putabit,
1249 346 1434 391 iustum
1484 345 1677 392 credere
1718 362 1804 407 po-

117 423 228 481 test,
277 420 362 481 qui
401 422 657 480 tamquam
704 420 833 466 iusto
874 435 971 466 non
1012 419 1311 478 movebitur,
1360 420 1548 466 factum
1594 421 1802 467 fortasse

70 511 89 543 5
116 509 211 542 non
242 493 418 541 credet.
459 496 514 539 ut
555 496 688 539 certa
727 508 901 540 manus
940 509 1038 540 uno
1070 493 1169 539 telo
1208 496 1372 553 potest
1414 508 1515 540 esse
1557 496 1803 553 contenta,

114 570 303 614 incerta
341 567 486 627 plura
535 567 811 629 spargenda
860 569 994 626 sunt,
1042 570 1097 613 ut
1146 566 1210 613 sit
1266 569 1314 613 et
1367 567 1594 614 fortunae
1650 568 1799 614 locus.

114 641 306 704 egregie
347 657 462 688 vero
506 639 674 688 Cicero
714 657 802 702 pro
842 637 1027 687 Mildne
1065 641 1407 688 insidiatorem
1447 643 1664 702 primum
1691 641 1799 689 Clo-
1828 648 1888 691 15

114 715 249 761 dium
291 715 520 774 ostendit,
559 718 666 761 tum
706 714 896 761 addidit
938 730 994 761 ex
1035 715 1322 773 abundanti,
1364 716 1514 761 etiam
1555 716 1596 762 si
1629 715 1679 762 id
1703 732 1799 762 non

112 789 300 849 fuisset,
340 789 495 835 talem
526 792 692 835 tamen
719 790 874 835 civem
908 804 1019 834 cum
1045 804 1236 835 summa
1260 789 1443 835 virtute
1469 790 1800 837 interfectoris

46 881 88 912 ιο
114 866 161 909 et
201 864 361 926 gloria
400 864 569 910 necari
607 863 840 924 potuisse.
881 879 1039 924 neque
1079 863 1225 909 illum
1262 865 1430 909 tamen
1464 863 1699 922 ordinem,
1741 864 1799 910 de
1827 870 1888 913 16

113 953 208 998 quo
248 938 385 997 prius
427 937 542 997 dixi⁷
583 937 933 996 damnaverim,
975 936 1094 998 quia
1135 937 1392 997 quaedam,
1436 938 1585 984 etiam
1619 937 1659 984 si
1690 939 1801 999 ipsa

112 1014 227 1057 sunt
267 1011 402 1073 dura,
442 1013 494 1057 in
533 1011 585 1057 id
624 1015 792 1057 tamen
832 1012 1014 1070 valent,
1062 1014 1117 1057 ut
1158 1027 1214 1057 ea
1254 1011 1504 1072 molliant,
1555 1027 1680 1073 quae
1728 1027 1798 1058 se-

111 1088 300 1132 cuntur.
341 1101 429 1132 nec
469 1087 668 1132 omnino
710 1086 812 1131 sine
853 1086 1044 1132 ratione
1085 1088 1172 1143 est,
1214 1085 1346 1145 quod
1393 1086 1542 1148 vulgo
1593 1085 1799 1133 dicitur:

109 1159 295 1206 inicum
333 1160 614 1220 petendum,
654 1162 712 1206 ut
753 1175 924 1206 aecum
962 1159 1104 1206 feras.
1158 1159 1289 1220 quod
1327 1161 1494 1206 tamen
1535 1176 1677 1207 nemo
1731 1162 1798 1207 sic
1826 1167 1883 1210 17

0 1218 2 1282 l
42 1250 83 1281 15
111 1233 337 1295 accipiat,
392 1236 449 1280 ut
503 1235 668 1280 omnia
732 1234 901 1280 credat
957 1233 1196 1280 audenda.
1251 1235 1382 1280 recte
1439 1234 1569 1280 enim
1625 1233 1799 1281 Graeci

108 1308 438 1369 praecipiunt,
478 1324 577 1354 non
615 1307 853 1354 tentanda
894 1324 1019 1368 quae
1061 1307 1189 1354 effici
1230 1309 1428 1355 omnino
1468 1324 1567 1355 non
1591 1310 1797 1369 possint.

108 1381 193 1428 sed
233 1384 460 1443 quotiens
500 1382 606 1440 hac,
648 1382 705 1428 de
747 1398 844 1443 qua
881 1382 1071 1443 loquor,
1121 1382 1306 1443 duplici
1361 1382 1641 1430 defensione
1692 1386 1798 1430 ute-

106 1472 230 1515 mur,
281 1455 332 1502 id
371 1455 700 1503 laborandum
747 1459 832 1516 est,
880 1460 935 1502 ut
981 1457 1034 1502 in
1074 1456 1213 1502 illam
1267 1459 1460 1517 partem
1515 1460 1798 1517 sequentem

106 1529 226 1576 fides
282 1546 338 1577 ex
392 1532 555 1591 priore
612 1530 840 1590 dueatur,
918 1533 1082 1590 potest
1137 1532 1265 1576 enim
1322 1531 1494 1590 videri,
1549 1532 1634 1592 qui
1687 1535 1796 1578 tuto

41 1621 83 1651 20
109 1606 261 1651 etiam
301 1605 609 1652 confessurus
650 1605 760 1664 fuit,
800 1604 1070 1651 mentiendi
1112 1620 1310 1651 causam
1348 1604 1400 1651 in
1432 1605 1658 1667 negando
1699 1621 1797 1653 non

106 1678 300 1725 habere.

216 1752 281 1798 Et
319 1753 448 1799 illud
486 1754 658 1814 utique
698 1752 981 1799 faciendum
1021 1755 1118 1811 est,
1171 1755 1251 1812 ut,
1301 1754 1528 1814 quotiens
1578 1755 1794 1814 suspica·
1823 1759 1884 1803 18

104 1826 270 1873 bimur
330 1827 484 1874 iudici
552 1827 703 1873 aliam
765 1827 1109 1888 probationem
1178 1826 1468 1887 desiderari,
1532 1843 1681 1888 quam
1738 1828 1795 1875 de

106 1916 203 1962 qua
241 1901 506 1961 loquimur,
558 1902 906 1962 promittamus
958 1917 1046 1948 nos
1101 1902 1245 1961 plene
1302 1904 1349 1948 et
1405 1902 1574 1948 statim
1627 1901 1684 1948 de
1738 1919 1794 1950 eo

38 1990 80 2022 25
107 1976 228 2022 satis
269 1991 371 2022 esse
410 1976 644 2035 facturos,
676 1976 1051 2036 praecipueque,
1093 1976 1135 2023 si
1175 1975 1232 2021 de
1257 1975 1446 2036 pudore
1472 1979 1658 2038 agetur.
1700 1977 1792 2023 fre·
1822 1983 1883 2026 19

105 2052 311 2110 quenter
350 2052 516 2096 autem
559 2050 736 2096 accidit
769 2052 824 2095 ut
857 2065 1005 2096 causa
1038 2065 1214 2110 parum
1246 2049 1523 2097 verecunda
1553 2051 1659 2097 iure
1684 2054 1795 2098 tuta

104 2124 194 2170 sit:
234 2123 293 2169 de
335 2140 430 2184 quo
471 2140 532 2171 ne
572 2124 719 2170 inviti
750 2123 936 2170 iudices
971 2123 1177 2171 audiant
1223 2119 1446 2187 [aversi]
1487 2125 1794 2186 frequentius

104 2199 218 2243 sunt
244 2197 540 2245 admonendi
566 2195 865 2245 esecuturam
898 2198 1230 2245 defensionem
1262 2198 1526 2259 probitatis
1553 2214 1610 2245 ac
1635 2198 1793 2261 digni-

102 2273 246 2318 tatis:
287 2274 545 2333 expectent
583 2273 791 2333 paulum
831 2274 880 2319 et
927 2272 1009 2334 agi
1065 2268 1235 2319 ordine
1291 2268 1491 2319 sinant'.
1549 2273 1792 2334 quaedam
1819 2272 1883 2317 20

36 2361 80 2393 30
103 2345 302 2393 interim
344 2362 431 2393 nos
474 2349 522 2393 et
554 2346 724 2393 invitis
765 2346 1105 2408 litigatoribus
1146 2347 1480 2394 simulandum
1514 2351 1584 2394 est
1618 2347 1793 2407 dicere,

104 2420 236 2480 quod
276 2419 443 2467 Cicero
483 2437 572 2481 pro
616 2420 842 2468 Cluentio
888 2421 1011 2468 facit
1058 2423 1187 2468 circa
1241 2420 1554 2468 iudiciariam
1609 2422 1791 2484 legem:

224 2565 421 2604 31052

223 2700 247 2737 5
283 2695 439 2737 credet
470 2695 572 2737 ΑΡΞ
615 2697 692 2739 Vt:
725 2695 873 2738 credit
904 2695 1013 2737 BPl
1135 2700 1158 2737 6
1194 2695 1255 2738 sit
1287 2698 1333 2738 et
1357 2704 1446 2738 BP
1477 2697 1555 2739 Vt:
1578 2696 1663 2738 fiat
1693 2705 1731 2738 A

104 2758 127 2795 7
162 2754 312 2809 primo
345 2762 389 2795 P
509 2759 562 2796 12
597 2757 847 2809 sequentur
870 2763 915 2796 B
1036 2760 1088 2797 15
1124 2755 1391 2797 audendum
1416 2763 1452 2796 A
1578 2760 1632 2797 23
1668 2770 1695 2798 a
1720 2756 1789 2798 iu-

103 2812 205 2855 dice
237 2820 326 2854 BP
444 2819 498 2856 25
533 2815 689 2870 agitur
720 2822 809 2856 BP
928 2818 980 2856 27
1017 2816 1063 2857 et
1088 2814 1268 2856 adversi
1293 2822 1382 2856 BP
1404 2815 1551 2857 aversi
1576 2823 1612 2856 A
1638 2829 1708 2858 om
1734 2815 1793 2858 Vt

224 2875 278 2913 30
312 2873 359 2914 et
389 2872 547 2915 invitis
579 2881 684 2917 BP:
719 2873 878 2915 invitis
911 2881 947 2914 A
