2055 3130
782 75 858 118 IV.
893 80 932 128 2,
967 79 1154 118 80—90.
1708 77 1815 128 215

129 217 376 276 stitutum,
416 233 476 264 ne
516 216 677 275 iudex,
719 231 816 276 qua
857 215 914 261 de
947 232 998 261 re
1034 217 1315 278 quaeratur,
1355 216 1563 278 ignoret.
1606 230 1690 262 cur
1722 218 1814 278 igi-

128 294 224 349 tur,
265 292 308 337 si
332 291 529 352 singula
567 289 823 349 probanda
863 292 948 335 aut
987 289 1256 335 refellenda
1297 291 1456 347 erunt,
1496 305 1594 335 non
1619 290 1815 351 singula

130 366 280 411 etiam
319 362 614 411 narrentur?
666 379 742 409 me
784 365 927 421 certe,
968 365 1364 423 quantacumque
1405 363 1585 411 nostris
1627 365 1812 423 experi-

128 439 306 485 mentis
347 437 572 484 habenda
613 439 686 483 est
724 436 858 495 fides,
898 437 1069 483 fecisse
1108 436 1200 483 hoc
1239 438 1292 482 in
1315 437 1438 496 foro,
1479 438 1706 497 quotiens
1739 438 1813 483 ita

82 528 102 560 5
131 511 441 559 desiderabat
479 510 687 570 utilitas,
726 510 1051 571 probantibus
1094 512 1143 557 et
1183 509 1387 557 eruditis
1423 513 1471 556 et
1502 511 1578 570 iis,
1621 510 1708 571 qui
1740 511 1812 557 iu-

128 585 373 643 dicabant,
425 586 545 631 scio:
603 588 650 631 et
707 578 861 649 (quod
911 599 1009 631 non
1065 584 1363 646 adroganter
1418 584 1639 644 dixerim,
1695 586 1814 645 quia

125 662 241 706 sunt
280 658 497 719 plurimi,
539 658 834 719 quibuscum
873 659 966 720 egi,
1009 659 1095 718 qui
1133 675 1210 705 me
1250 658 1476 705 refellere
1515 660 1720 719 possint,
1772 659 1813 705 si

123 727 358 796 mentiar)
400 733 500 779 fere
539 731 794 792 ponendae
836 747 863 778 a
904 748 981 778 me
1023 747 1198 779 causae
1252 732 1469 779 officium
1510 733 1810 795 exigebatur.

122 822 280 867 neque
333 805 444 853 ideo
491 809 658 852 tamen
713 822 811 852 non
859 807 1055 866 saepius
1109 806 1269 853 facere
1318 806 1587 868 oportebit,
1642 809 1699 853 ut
1738 823 1812 853 re·
1839 813 1898 857 87

0 941 1 944 ¹
55 897 98 928 10
121 897 232 926 rum
272 880 492 927 ordinem
534 895 809 941 sequamur.
852 880 1095 940 quaedam
1127 896 1242 927 vero
1277 880 1427 926 etiam
1458 880 1675 941 turpiter
1700 896 1811 927 con-

0 945 1 948 *
122 956 398 1017 vertuntur,
437 956 493 1000 ut
534 956 576 1001 si
614 955 863 1016 peperisse
902 969 1087 1013 narres,
1128 953 1302 1001 deinde
1337 955 1630 1015 concepisse,
1672 970 1811 1015 aper-

120 1031 229 1075 tum
267 1031 633 1087 testamentum,
677 1028 850 1075 deinde
892 1030 1156 1091 signatum,
1188 1030 1241 1074 in
1283 1028 1459 1089 quibus
1501 1029 1542 1075 si
1573 1029 1639 1089 id,
1681 1028 1812 1090 quod

119 1104 365 1163 posterius
414 1106 502 1161 est,
550 1103 744 1161 dixeris,
800 1102 858 1149 de
905 1104 1069 1163 priore
1115 1105 1278 1149 tacere
1326 1103 1596 1164 optimum,
1643 1103 1811 1164 palam

121 1179 195 1223 est
235 1178 366 1223 enim
404 1178 742 1237 praecessisse.
1178 1168 1181 1170 ’

53 1267 94 1299 15
234 1249 359 1298 Sunt
400 1251 642 1311 quaedam
683 1254 730 1297 et
769 1251 924 1297 falsae
966 1252 1310 1310 exposit-iones,
1359 1267 1571 1312 quarum
1610 1253 1662 1298 in
1702 1252 1808 1298 foro
1835 1258 1897 1301 88

120 1324 301 1386 duplex
341 1340 494 1387 genus
538 1328 631 1373 est:
682 1326 907 1384 alterum,
959 1324 1089 1385 quod
1136 1327 1478 1373 instrumentis
1529 1326 1808 1385 adiuvatur,

118 1401 174 1445 ut
213 1399 266 1446 P.
309 1397 508 1446 Clodius
549 1399 729 1446 fiducia
767 1399 984 1458 testium,
1026 1415 1124 1459 qua
1163 1402 1306 1446 nocte
1346 1401 1588 1446 incestum
1622 1400 1809 1447 Rornae

118 1473 444 1532 commiserat,
484 1473 796 1520 Interamnae
838 1489 887 1520 se
927 1474 1080 1520 fuisse
1122 1473 1336 1520 dicebat:
1394 1475 1627 1534 alterum,
1677 1474 1809 1535 quod

119 1549 193 1593 est
230 1547 469 1594 tuendum
509 1547 718 1594 dicentis
757 1547 968 1610 ingenio.
1016 1547 1068 1593 id
1107 1548 1308 1594 interim
1358 1548 1420 1594 ad
1468 1548 1626 1595 solam
1673 1564 1807 1595 vere-

49 1639 93 1670 20
119 1621 352 1667 cundiam
390 1623 621 1683 pertinet,
673 1621 800 1668 unde
843 1623 995 1668 etiam
1042 1622 1166 1668 mihi
1217 1621 1413 1668 videtur
1468 1622 1567 1668 dici
1621 1623 1806 1683 color,

115 1694 316 1742 interim
356 1696 418 1742 ad
459 1697 811 1757 quaestionem.
856 1696 939 1743 sed
978 1699 1357 1756 utrumcumque
1399 1698 1507 1756 erit,
1547 1698 1709 1757 prima
1742 1698 1808 1744 sit
1834 1695 1897 1739 89

117 1784 359 1830 curarum,
401 1772 455 1816 ut
494 1770 560 1829 id,
602 1771 733 1831 quod
770 1770 1026 1833 fingemus,
1066 1769 1172 1816 fieri
1211 1769 1390 1831 possit,
1439 1770 1614 1817 deinde
1662 1773 1717 1817 ut
1758 1772 1807 1818 et

114 1859 353 1904 personae
396 1847 445 1890 et
483 1845 588 1892 loco
630 1848 678 1891 et
716 1845 930 1905 tempori
970 1846 1212 1905 congruat
1252 1845 1301 1890 et
1340 1845 1626 1892 credibilem
1655 1847 1808 1892 ratio-

115 1934 227 1964 nem
268 1920 317 1965 et
356 1918 578 1965 ordinem
617 1918 818 1966 habeat:
861 1919 903 1965 si
943 1918 1211 1980 continget,
1262 1920 1414 1965 etiam
1460 1935 1605 1966 verae
1655 1920 1808 1967 alicui

47 2008 90 2039 25
114 1993 186 2038 rei
227 1993 501 2052 cohaereat,
543 1995 631 2040 aut
664 1995 970 2055 argumento,
1013 1993 1143 2053 quod
1175 1993 1241 2040 sit
1270 1993 1324 2039 in
1349 2008 1512 2053 causa,
1553 1994 1804 2041 confirme-

115 2069 219 2126 tur3
269 2082 384 2112 nam
424 2083 549 2128 quae
589 2070 696 2114 tota
737 2070 875 2114 extra
915 2083 1017 2114 rem
1058 2068 1217 2128 petita
1258 2069 1388 2129 sunt,
1435 2068 1706 2114 mentiendi
1746 2069 1804 2114 li-

114 2142 323 2187 cent-iam
373 2141 606 2201 produnt.
675 2141 946 2189 curandum
992 2143 1277 2202 praecipue,
1326 2142 1458 2202 quod
1505 2141 1804 2204 fingentibus
1831 2141 1896 2185 90

113 2214 400 2275 frequenter
451 2215 645 2274 excidit,
700 2231 760 2261 ne
817 2232 914 2276 qua
967 2217 1098 2262 inter
1153 2232 1202 2262 se
1256 2218 1503 2278 pugnent,
1560 2216 1805 2277 quaedam

116 2290 248 2336 enim
278 2289 502 2351 partibus
542 2289 881 2350 blandiuntur,
930 2290 1011 2337 sed
1052 2290 1105 2335 in
1137 2305 1381 2337 summam
1421 2306 1520 2336 non
1560 2293 1804 2338 consenti-

47 2379 90 2411 30
115 2364 230 2409 unt:
276 2365 532 2425 praeterea
570 2381 631 2411 ne
673 2365 757 2423 eis,
807 2380 931 2424 quae
971 2380 1089 2411 vera
1129 2379 1231 2411 esse
1279 2364 1550 2424 constabit,
1598 2365 1805 2412 adversa

116 2439 237 2484 sint:
275 2438 328 2483 in
369 2438 536 2485 schola
577 2439 742 2498 etiam,
782 2454 842 2485 ne
883 2439 1018 2485 color
1066 2444 1203 2484 extra
1250 2438 1472 2485 themata
1521 2441 1801 2499 quaeratur.

237 2600 258 2635 1
295 2596 546 2647 quaeratur
577 2602 681 2637 BP:
724 2594 908 2637 dicatur
946 2602 983 2635 A
1166 2599 1192 2636 4
1223 2594 1292 2637 ita
1324 2602 1385 2637 A:
1426 2594 1531 2650 ipsa
1569 2602 1625 2649 B,
1667 2594 1804 2637 aliter

111 2651 218 2707 ipsa
250 2661 294 2694 P
322 2653 357 2708 (i
388 2668 409 2696 e
439 2653 543 2708 ipsa
575 2667 675 2696 cum
706 2658 882 2709 recepta
913 2655 1047 2697 varia
1080 2655 1263 2697 lectione
1296 2653 1442 2710 al'ita)
1586 2659 1610 2696 9
1643 2656 1802 2697 tamen

112 2724 207 2753 non
237 2711 287 2753 id
319 2712 506 2767 saepius
545 2712 697 2755 facere
730 2721 767 2754 A
800 2727 869 2755 om
899 2720 956 2765 B,
989 2714 1040 2756 in
1071 2728 1144 2770 my
1177 2714 1309 2756 addit
1340 2721 1384 2755 P
1413 2714 1574 2756 omisso
1607 2713 1656 2755 id

115 2774 169 2812 13
202 2770 362 2825 palam
393 2774 464 2814 est
495 2772 618 2814 enim
648 2772 954 2827 praecessisse
987 2786 1057 2815 om
1088 2780 1177 2814 BP
1273 2777 1327 2815 22
1360 2772 1578 2828 fingimus
1602 2774 1720 2828 BPj
1749 2775 1803 2815 ut

113 2832 162 2872 et
193 2837 269 2871 Ba
301 2832 347 2872 et
377 2832 431 2872 ut
462 2839 507 2872 P
533 2832 587 2873 ut
618 2839 655 2872 Α
778 2835 830 2873 -25
867 2831 927 2873 sit
959 2845 1029 2874 om
1060 2839 1149 2873 BP
1269 2836 1323 2874 28
1358 2831 1531 2875 accidit
1564 2831 1664 2874 PT²

116 2893 170 2930 29
205 2888 328 2931 enim
359 2903 430 2933 om
464 2897 550 2932 BP
669 2894 723 2932 30
758 2890 823 2933 eis
856 2904 925 2934 om
956 2898 1002 2932 B
