2055 3130
785 73 838 116 V.
875 77 943 127 10,
979 78 1135 117 1-11,
1695 76 1799 126 251

117 215 364 273 vicinitas,
404 216 568 274 potest
606 213 764 260 videri
802 213 894 260 hoc
933 215 1129 260 nomine
1154 216 1283 260 recte
1317 213 1510 261 abusus.
1552 211 1799 272 ἀπόδειξις
1865 216 1889 258 7

118 290 193 335 est
232 287 430 335 evidens
471 287 714 349 probatio,
768 287 977 347 ideoque
1027 287 1156 348 apud
1212 290 1486 349 geometras
1534 287 1802 351 γραμμικαὶ

116 359 387 418 ἀποδείξεις
413 362 653 410 dicuntur.
679 362 805 407 hanc
839 363 887 407 et
921 362 979 407 ab
1015 360 1363 421 epichiremate
1391 360 1631 409 Caecilius
1657 364 1804 422 putat

116 434 312 482 differre
360 435 463 482 solo
512 451 686 497 genere
739 435 1064 481 conclusionis
1113 438 1161 481 et
1209 450 1310 481 esse
1359 435 1593 496 apodixin
1639 436 1802 497 inper-

69 526 89 557 5
116 509 297 556 sectam
338 510 634 569 epichirema
676 508 846 556 eadem
887 524 1047 568 causa,
1091 525 1187 568 qua
1228 509 1437 557 diximus
1487 510 1802 570 enthymema

116 598 144 629 a
184 583 472 646 syllogismo
514 583 718 641 distare3
759 599 874 628 nam
928 585 976 629 et
1016 583 1314 643 epichirema
1362 583 1638 645 syllogismi
1685 600 1801 645 pars

115 660 202 704 est.
245 657 446 717 quidam
492 658 651 704 inesse
700 656 1041 717 epichiremati
1088 657 1323 717 apodixin
1369 660 1549 718 putant
1601 660 1649 704 et
1697 674 1801 706 esse

112 734 306 792 partem
357 732 458 778 eius
511 730 894 777 confirmantem.
949 732 1214 792 utrumque
1270 733 1438 778 autem
1494 747 1796 793 quamquam
1859 730 1888 774 8

113 805 296 851 diversi
337 808 562 852 auctores
603 804 773 851 eodem
812 804 956 852 modo
997 804 1190 864 finiunt,
1230 808 1286 851 ut
1326 807 1392 852 sit
1429 807 1559 852 ratio
1599 821 1688 867 per
1727 822 1800 865 ea,

49 895 92 926 10
116 894 240 939 quae
280 881 413 926 certa
453 881 581 938 sunt,
634 878 781 925 fidem
822 878 980 925 dubiis
1028 878 1274 926 adferens:
1325 894 1452 940 quae
1499 882 1678 927 natura
1726 883 1802 928 est

112 954 333 999 omnium
373 955 792 1014 argumentorum,
833 968 990 1013 neque
1032 952 1163 999 enim
1203 955 1335 1000 certa
1390 955 1591 1000 incertis
1639 954 1798 1001 decla-

110 1028 299 1074 rantur.
361 1027 481 1073 haec
533 1027 698 1073 omnia
753 1026 1050 1088 generaliter
1103 1026 1286 1083 πίστεις
1341 1028 1611 1088 appellant,
1669 1029 1801 1089 quod

111 1101 264 1147 etiam
311 1101 353 1147 si
407 1102 610 1162 propria
656 1100 1063 1161 interpretatione
1112 1100 1272 1148 dicere
1322 1101 1468 1148 fidem
1521 1117 1800 1163 possumus,

111 1175 330 1235 apertius
384 1177 552 1221 tamen
606 1174 947 1235 probationem
1003 1175 1454 1235 interpretabimur.
1511 1176 1595 1222 sed
1651 1193 1795 1239 argu·
1859 1178 1889 1221 9

43 1266 85 1298 15
110 1251 332 1296 mentum
374 1264 567 1310 quoque
607 1250 752 1310 plura
792 1248 1052 1310 significat.
1105 1265 1222 1295 nam
1270 1252 1318 1295 et
1364 1249 1563 1297 fabulae
1613 1251 1675 1298 ad
1722 1267 1799 1299 ac-

108 1325 218 1370 tum
257 1338 544 1370 scaenarum
585 1323 885 1384 compositae
926 1326 1219 1386 argumenta
1251 1323 1496 1383 dicuntur,
1538 1328 1585 1371 et
1619 1327 1799 1372 oratio-

109 1413 224 1445 num
261 1395 508 1444 Ciceronis
533 1397 670 1444 velut
694 1398 861 1444 thema
887 1392 1037 1461 [ipse]
1066 1399 1266 1459 exponit
1290 1398 1535 1446 Pedianus
1564 1394 1799 1463 [inquit]:

111 1467 477 1534 eargumentum
517 1471 618 1518 tale
661 1467 770 1531 est’,
811 1474 859 1518 et
896 1474 1001 1532 ipse
1045 1471 1212 1519 Cicero
1246 1472 1308 1518 ad
1341 1473 1552 1519 Brutum
1583 1475 1657 1520 ita
1682 1474 1797 1521 scri-

107 1545 203 1592 bit:
246 1541 450 1593 ‘veritus
492 1546 700 1593 fortasse
740 1562 799 1592 ne
840 1561 928 1593 nos
975 1547 1027 1592 in
1071 1545 1307 1593 Catonem
1360 1550 1584 1594 nostrum
1637 1551 1798 1595 trans-

41 1636 84 1667 20
108 1619 345 1667 ferremus
383 1619 513 1666 illim
553 1619 756 1680 aliquid,
799 1622 891 1667 etsi
931 1623 1278 1683 argumentum
1319 1621 1478 1668 simile
1517 1637 1617 1669 non
1657 1618 1798 1670 erat'.

109 1709 205 1755 quo
248 1697 455 1755 apparet
495 1710 688 1740 omnem
730 1693 791 1740 ad
831 1694 1140 1741 scribendum
1192 1694 1490 1742 destinatam
1536 1697 1799 1743 materiam

107 1769 180 1814 ita
228 1768 484 1829 appellari.
541 1783 628 1815 nec
667 1768 862 1828 mirum,
919 1785 1027 1815 cum
1075 1768 1127 1815 id
1180 1769 1310 1816 inter
1357 1769 1553 1830 opifices
1604 1786 1796 1831 quoque
1824 1771 1887 1815 10

107 1842 370 1905 vulgatum
411 1844 489 1901 sit,
536 1842 663 1889 unde
704 1842 918 1904 Vergilii
959 1838 1329 1905 ‘argumentum
1367 1839 1576 1907 ingens',
1625 1845 1796 1906 Vulgo·

109 1932 201 1976 que
257 1916 406 1977 paulo
462 1916 767 1964 numerosius
825 1932 947 1977 opus
1003 1917 1184 1964 dicitur
1240 1921 1656 1981 argumentosum.
1714 1919 1799 1966 sed

40 2006 82 2038 25
106 2005 236 2036 nunc
277 1990 335 2036 de
376 2007 431 2037 eo
472 1990 733 2037 dicendum
775 1994 1066 2054 argumento
1108 1994 1195 2050 est,
1248 1992 1379 2053 quod
1417 1988 1796 2055 <probationem

105 2066 341 2125 praestat.
400 2063 567 2112 Celsus
625 2062 858 2127 quidem>
911 2065 1275 2126 probationem,
1329 2066 1581 2126 indicium,
1636 2067 1797 2128 fidem,

108 2138 476 2201 adgressionem
517 2139 735 2187 eiusdem
773 2140 845 2185 rei
884 2141 1085 2186 nomina
1126 2140 1269 2199 facit,
1325 2157 1502 2201 parum
1549 2141 1795 2205 distincte,

106 2215 165 2258 ut
206 2213 431 2259 arbitror.
472 2229 588 2259 nam
626 2213 854 2274 probatio
904 2216 952 2260 et
1007 2213 1125 2261 fides
1182 2214 1395 2261 efficitur
1449 2231 1547 2262 non
1597 2219 1796 2263 tantum
1821 2215 1882 2258 11

105 2303 195 2348 per
233 2287 368 2345 haec,
409 2303 536 2348 quae
576 2290 691 2335 sunt
730 2289 955 2347 rationis,
996 2288 1080 2335 sed
1121 2290 1271 2335 etiam
1310 2305 1399 2351 per
1444 2290 1794 2338 inartificialia.

39 2376 82 2408 30
107 2362 302 2423 signum
343 2364 521 2422 autem,
578 2361 707 2422 quod
754 2362 840 2408 ille
886 2362 1124 2409 indicium
1173 2366 1331 2424 vocat⁷
1381 2364 1441 2410 ab
1491 2367 1796 2426 argumentis

228 2507 252 2544 3
285 2502 372 2558 frg.
400 2506 455 2545 50
469 2501 713 2546 Burkh.-
742 2507 793 2545 1s
821 2503 1058 2560 ep.frg.E.
1084 2504 1190 2546 vm
1217 2509 1238 2546 7
1266 2504 1326 2548 M.
1349 2532 1400 2535 —
1422 2509 1476 2547 23
1502 2505 1615 2551 Aen.
1644 2511 1682 2560 7,
1712 2512 1793 2549 791

226 2655 253 2692 4
285 2649 609 2705 imperfectam
646 2650 837 2694 Gesner:
868 2650 1180 2706 inperfectum
1330 2656 1382 2695 13
1417 2652 1555 2696 fidem
1587 2663 1646 2698 P:
1693 2656 1796 2710 qui-

107 2709 215 2751 dem
245 2717 290 2751 B
319 2709 534 2764 equidem
566 2718 603 2751 A
727 2715 779 2752 15
813 2723 996 2765 quoque
1030 2738 1084 2743 --
1119 2716 1174 2754 20
1209 2716 1535 2766 argumentum
1566 2728 1637 2757 om
1668 2723 1706 2755 A

110 2773 162 2810 17
196 2768 296 2824 ipse
327 2770 413 2811 secl
443 2769 671 2825 Spalding)
706 2771 712 2823 Ι
748 2769 903 2823 inquit
940 2771 1090 2826 ylossa
1272 2775 1325 2813 23
1360 2771 1422 2814 sit
1454 2781 1501 2815 b:
1543 2787 1612 2816 om
1644 2782 1801 2828 AB‚P

106 2828 219 2883 (add
259 2828 408 2883 Valla)
438 2829 443 2883 Ι
471 2828 706 2884 Vergilius
738 2837 802 2870 ab
924 2834 978 2872 25
1011 2831 1146 2885 suppl
1180 2831 1369 2873 Illeister
1399 2832 1600 2886 speciosa
1624 2834 1794 2876 coniec-

108 2891 216 2930 twra
337 2890 391 2928 28
425 2886 547 2929 effici
581 2889 708 2931 libri.-
740 2901 840 2932 corr
880 2889 1013 2932 Valla
1136 2894 1189 2931 29
1224 2889 1317 2932 sint
1348 2897 1386 2930 ,1
