2007 3120
774 67 806 110 Ι.
856 71 896 119 4,
933 72 1118 110 13—24.
1724 68 1795 121 25

99 208 433 268 tradiderunt,
489 207 721 255 videlicet
776 207 907 268 quod
956 208 1010 253 in
1063 207 1224 254 verbis
1276 209 1376 254 vim
1432 208 1691 268 sermonis,
1746 210 1798 255 in

101 282 381 331 nominibus
435 283 700 329 materiam
755 274 896 346 (quia
952 281 1165 327 alterum
1217 283 1290 328 est
1345 282 1478 342 quod
1532 282 1799 343 loquimur,

103 358 314 404 alterum
354 356 413 402 de
454 371 548 416 quo
589 349 879 421 loquimur),
918 355 971 401 in
1011 355 1436 403 convinctionibus
1469 359 1639 402 autem
1671 371 1800 403 com-

101 432 274 492 plexus
324 446 494 477 eorum
543 445 646 477 esse
686 429 1054 476 iudicaverunt:
1107 445 1228 490 quas
1270 431 1729 477 coniunctiones
1771 446 1800 476 a

0 507 1 526 ³
59 506 350 566 5plerisque
397 504 494 551 dici
541 504 657 563 scio,
705 503 790 551 sed
835 504 957 550 haec
1003 504 1201 550 videtur
1248 520 1304 551 ex
1344 501 1600 572 συνδέσμῳ
1640 506 1798 566 magis

0 575 2 593 ⁸
101 580 304 640 propria
365 579 642 625 translatio.
720 578 966 638 paulatim
1029 594 1058 624 a
1112 578 1420 638 philosophis
1477 594 1533 625 ac
1587 579 1800 625 maxime
1827 578 1892 622 19

105 653 283 700 Stoicis
339 655 512 700 auctus
565 656 639 699 est
692 668 939 712 numerus,
995 667 1050 698 ac
1105 653 1321 712 primum
1376 653 1800 700 convinctionibus

105 727 354 775 articuli
381 727 577 787 adiecti,
601 730 714 788 post
738 726 1255 788 praepositiones:
1289 727 1568 774 nominibus
1595 727 1799 788 appel-

102 801 277 861 latio,
329 801 503 848 deinde
542 817 884 861 pronomen,
938 801 1110 848 deinde
1157 801 1368 848 mixtum
1414 800 1563 848 verbo
1611 803 1800 861 parti-

38 895 80 926 10
107 876 347 937 cipium,
398 877 520 936 ipsis
566 875 730 922 verbis
779 875 1079 922 adverbia.
1157 878 1324 922 noster
1364 891 1522 923 sermo
1565 875 1801 923 articulos

104 966 204 998 non
243 949 490 997 desiderat
528 949 736 1010 ideoque
769 951 821 995 in
856 950 979 996 alias
1011 951 1179 1010 partes
1213 949 1452 997 orationis
1485 952 1801 1013 sparguntur,

105 1025 190 1072 sed
230 1024 420 1071 accedit
459 1024 793 1086 superioribus
833 1025 1200 1071 interiectio.
1267 1025 1355 1072 alii
1392 1026 1561 1071 tamen
1602 1040 1659 1071 ex
1697 1024 1801 1071 ido-
1829 1023 1895 1067 20

104 1100 208 1146 neis
272 1099 532 1146 dumtaxat
595 1098 876 1147 auctoribus
941 1101 1050 1146 octo
1113 1101 1279 1159 partes
1344 1100 1501 1146 secuti
1555 1102 1684 1157 sunt,
1746 1101 1805 1144 ut

104 1172 422 1221 Aristarchus
477 1175 526 1220 et
574 1175 736 1221 aetate
776 1176 947 1221 nostra
986 1173 1269 1233 Palaemon,
1322 1173 1407 1235 qui
1446 1173 1804 1220 vocabulum

40 1265 82 1298 15
106 1248 209 1296 sive
243 1247 720 1309 appellationem
751 1249 942 1294 nomini
975 1247 1287 1295 subiecerunt
1309 1250 1568 1308 tamquam
1592 1248 1806 1308 speciem

107 1323 225 1381 eius,
274 1324 326 1369 at
363 1323 416 1381 ii,
457 1323 542 1383 qui
582 1321 719 1369 aliud
757 1338 987 1382 nomen,
1029 1322 1166 1370 aliud
1204 1322 1560 1369 vocabulum
1599 1322 1804 1381 faciunt,

106 1411 297 1444 novem.
337 1396 660 1445 nihilominus
692 1397 907 1456 fuerunt,
942 1398 1028 1458 qui
1059 1397 1224 1457 ipsum
1258 1396 1416 1444 adhuc
1448 1396 1807 1443 vocabulum

108 1471 168 1518 ab
210 1471 630 1532 appellatione
679 1471 980 1531 diducerent,
1026 1474 1084 1518 ut
1123 1473 1251 1519 esset
1289 1470 1588 1518 vocabulum
1629 1486 1805 1532 corpus

107 1546 222 1593 visu'
265 1547 504 1606 tactuque
551 1546 871 1592 manifestum
921 1542 1112 1593 ‘domus
1152 1541 1350 1605 lectus',
1392 1546 1680 1606 appellatio,
1729 1546 1808 1591 cui

42 1638 84 1670 20
108 1620 188 1667 vel
239 1620 452 1667 alterum
503 1619 695 1667 deesset
740 1621 820 1667 vel
869 1622 1135 1682 utrumque
1190 1616 1384 1667 ‘ventus
1441 1621 1632 1667 caelum
1687 1619 1806 1666 deus

108 1691 302 1742 virtus'.
383 1694 664 1742 adiciebant
719 1697 767 1741 et
822 1694 1362 1754 adseverationem,
1417 1697 1475 1741 ut
1528 1689 1704 1754 ‘eheu',
1760 1696 1809 1740 et

109 1770 472 1816 tractionem
520 1772 577 1816 ut
618 1764 928 1816 ‘fasciatim':
985 1785 1112 1830 quae
1150 1768 1274 1816 mihi
1312 1785 1411 1816 non
1452 1767 1805 1829 adprobantur.

110 1842 470 1890 vocabulum
522 1859 584 1891 an
637 1843 976 1905 appellatio
1029 1843 1236 1890 dicenda
1288 1845 1354 1890 sit
1404 1841 1708 1907 προσηγορία
1760 1845 1809 1889 et
1835 1844 1896 1888 21

112 1917 398 1965 subicienda
443 1919 633 1965 nomini
679 1934 845 1977 necne,
899 1918 1016 1979 quia
1054 1919 1199 1979 parvi
1237 1918 1402 1978 refert,
1454 1917 1665 1964 liberum
1706 1917 1807 1978 opi-

46 2009 87 2043 25
113 1993 304 2039 naturis
343 1992 585 2054 relinquo.

222 2066 441 2114 Nomina
496 2066 743 2114 declinare
800 2070 848 2113 et
902 2067 1054 2114 verba
1107 2068 1160 2113 in
1210 2066 1385 2128 primis
1437 2068 1580 2128 pueri
1629 2066 1809 2113 sciant:
1836 2068 1898 2113 22

111 2156 270 2202 neque
326 2140 456 2188 enim
512 2142 658 2189 aliter
709 2143 967 2203 pervenire
1024 2141 1085 2187 ad
1138 2141 1449 2188 intellectum
1500 2140 1811 2201 sequentium

111 2217 333 2276 possunt.
390 2215 522 2276 quod
562 2218 712 2263 etiam
743 2232 941 2263 monere
974 2231 1333 2278 supervacuum
1367 2218 1487 2275 erat,
1526 2216 1625 2262 nisi
1658 2214 1810 2261 ambi-

112 2290 242 2338 tiosa
292 2290 611 2337 festinatione
662 2290 887 2352 plerique
941 2306 969 2336 a
1020 2290 1375 2352 posterioribus
1421 2290 1712 2350 inciperent,
1765 2292 1813 2335 et

49 2383 91 2414 30
115 2363 233 2411 dum
286 2366 536 2412 ostentare
588 2364 854 2426 discipulos
906 2367 1036 2412 circa
1088 2364 1386 2427 speciosiora
1436 2364 1644 2423 malunt,
1700 2378 1811 2409 con-

114 2438 295 2500 pendio
326 2441 651 2487 morarentur.
694 2441 836 2501 atqui
868 2441 911 2487 si
944 2440 1053 2500 quis
1087 2442 1135 2487 et
1168 2439 1394 2486 didicerit
1427 2440 1548 2487 satis
1582 2441 1631 2485 et
1654 2430 1811 2503 (quod
1837 2440 1902 2485 23

114 2528 214 2559 non
259 2514 423 2560 minus
472 2513 637 2562 deesse
676 2514 880 2561 interim
918 2507 1066 2580 solet)
1108 2514 1322 2562 voluerit
1362 2513 1535 2561 docere
1576 2528 1701 2574 quae
1742 2511 1812 2558 di-

117 2586 250 2647 dicit,
289 2603 390 2635 non
430 2589 525 2635 erit
563 2590 822 2636 contentus
861 2589 1057 2636 tradere
1096 2588 1150 2634 in
1188 2588 1469 2635 nominibus
1501 2588 1602 2634 tria
1633 2603 1814 2649 genera

118 2662 168 2708 et
206 2677 264 2709 ea
304 2677 429 2723 quae
470 2664 585 2709 sunt
624 2661 812 2710 duobus
853 2662 1141 2711 omnibusve
1181 2663 1474 2711 communia.
1515 2676 1605 2708 nec
1644 2661 1814 2708 statim
1839 2661 1904 2707 24

238 2778 263 2815 3
297 2773 590 2830 complexum
622 2782 667 2816 P
808 2779 832 2817 6
865 2774 1058 2818 tralatio
1089 2782 1135 2817 B
1279 2779 1331 2818 11
1367 2773 1591 2816 orationis
1617 2780 1676 2815 P:
1712 2785 1810 2814 ora-

118 2831 301 2876 tionum
329 2841 415 2875 AB
535 2838 590 2876 14
622 2833 842 2878 Palaemo
866 2842 913 2877 B
1034 2839 1088 2878 15
1122 2834 1327 2890 speciem
1352 2833 1602 2889 Spalding:
1634 2830 1812 2888 species

239 2896 295 2935 34
327 2905 382 2935 ea
415 2906 536 2948 quae
566 2901 667 2935 AP:
703 2906 823 2948 quae
855 2901 901 2936 B
