2055 3130
697 64 751 107 v.
786 68 826 118 9,
861 69 1017 108 5—16.
1065 69 1133 117 10,
1170 69 1207 107 1.
1679 64 1786 114 249

104 206 390 264 Atalanten,
439 206 556 265 quia
597 220 707 251 cum
744 204 1002 251 iuvenibus
1041 220 1130 264 per
1168 203 1318 251 silvas
1358 198 1600 263 vaget-ur'.
1659 202 1790 262 quod

105 281 147 326 si
185 279 527 339 receperimus,
578 294 750 325 vereor
787 294 848 324 ne
889 279 1054 324 omnia
1094 293 1219 338 quae
1260 292 1317 324 ex
1355 277 1488 323 facto
1530 275 1788 334 ducuntur,

105 349 247 415 signa
286 353 540 399 faciamus.
582 352 752 399 eadem
789 354 957 398 tamen
995 352 1188 398 ratione
1242 366 1338 411 qua
1385 349 1526 412 signa
1572 351 1788 395 tractan-

103 430 197 473 tur.
261 441 348 472 nec
409 426 533 472 mihi
593 426 825 472 videntur
878 425 1216 487 Ariopagitae,
1281 440 1391 471 cum
1446 423 1788 469 damnaverint
1815 422 1880 466 13

59 519 79 549 5
103 517 310 561 puerum
342 501 649 547 coturnicum
681 500 845 546 oculos
880 502 1145 557 ementem,
1185 498 1321 545 aliud
1351 497 1607 557 iudicasse,
1641 513 1791 558 quam

103 574 155 620 id
202 576 398 636 signum
445 589 547 620 esse
601 574 1049 634 perniciosissimae
1102 574 1282 619 mentis
1336 571 1604 632 mult-isque
1658 570 1789 617 malo

104 649 315 707 futurae,
356 647 398 694 si
438 647 746 694 adolevisset.
794 647 922 694 unde
965 645 1112 708 Spuri
1151 646 1303 693 Maeli
1339 646 1593 705 Marcique
1632 645 1791 691 Manli

103 721 414 783 popularitas
455 721 651 784 signum
699 721 938 768 adfectati
981 722 1123 783 regni
1170 723 1243 767 est
1299 721 1649 767 existimatum.
1706 717 1790 765 sed
1817 716 1883 762 14

104 811 276 843 vereor
312 811 373 842 ne
411 796 557 857 longe
596 795 802 841 nimium
843 810 931 841 nos
972 795 1119 841 ducat
1158 794 1278 842 haec
1317 795 1412 840 via.
1465 809 1581 839 nam
1628 793 1671 840 si
1718 795 1792 839 est

37 887 80 918 10
105 870 301 933 signum
341 869 594 916 adulterae
634 869 796 916 lavari
835 884 946 915 cum
984 870 1118 928 viriS,
1160 870 1253 915 erit
1293 870 1342 915 et
1381 868 1640 914 convivere
1681 882 1792 914 cum

106 943 518 1002 adulescentibus,
559 943 732 990 deinde
775 943 924 989 etiam
963 943 1280 989 familiariter
1320 942 1528 989 alicuius
1570 941 1792 988 amicitia

102 1019 200 1064 uti:
255 1018 463 1065 fortasse
528 1032 701 1078 corpus
757 1017 974 1076 vulsum,
1028 1017 1243 1063 fractum
1292 1016 1550 1074 incessum,
1605 1016 1793 1063 vest-em

103 1091 394 1138 muliebrem
432 1091 610 1138 dixerit
648 1092 812 1138 mollis
845 1093 892 1137 et
917 1107 1094 1152 parum
1133 1091 1229 1137 viri
1268 1091 1423 1152 signa,
1465 1092 1506 1137 si
1546 1090 1626 1136 cui
1659 1083 1791 1155 (cum

106 1167 303 1227 signum
341 1165 393 1212 id
433 1167 630 1226 proprie
672 1167 751 1224 sit,
793 1165 924 1225 quod
965 1182 1021 1211 ex
1061 1181 1129 1225 eo,
1172 1165 1229 1211 de
1270 1181 1366 1226 quo
1395 1164 1664 1225 quaeritur,
1705 1179 1792 1210 na-

37 1257 78 1288 15
104 1243 211 1286 tum
267 1239 355 1286 sub
408 1239 574 1286 oculos
627 1232 785 1304 venit)
841 1242 898 1286 ut
946 1241 1148 1302 sanguis
1189 1255 1213 1285 e
1254 1238 1413 1298 caede,
1468 1240 1541 1286 ita
1596 1238 1685 1284 illa
1737 1253 1793 1284 ex

102 1313 418 1374 impudicitia
456 1313 605 1360 fluere
644 1313 918 1360 videantur.
974 1329 1030 1360 ea
1078 1329 1270 1375 quoque
1320 1328 1467 1374 quae,
1523 1313 1640 1373 quia
1689 1312 1791 1372 ple·
1819 1310 1886 1354 15

103 1404 311 1448 rumque
354 1387 614 1435 observata
655 1391 782 1449 sunt,
822 1387 972 1449 vulgo
1014 1389 1156 1451 signa
1182 1387 1461 1446 creduntur,
1493 1389 1549 1433 ut
1579 1402 1792 1448 progno-

104 1462 228 1509 stica

255 1531 421 1583 ‘vento
461 1535 604 1582 rubet
645 1551 793 1582 aurea
834 1532 1046 1582 Phoebe’

37 1627 80 1658 20
106 1612 156 1657 et
256 1606 442 1656 ‘cornix
479 1610 628 1671 plena
668 1610 887 1671 pluviam
929 1614 1074 1657 vocat
1112 1610 1320 1671 inproba
1360 1606 1514 1669 voce',

104 1683 147 1731 si
186 1699 357 1731 causas
399 1699 456 1730 ex
496 1684 740 1745 qualitate
781 1684 904 1731 caeli
942 1685 1163 1743 trahunt,
1204 1700 1319 1731 sane
1359 1684 1430 1730 ita
1466 1683 1791 1744 appellentur.

103 1774 220 1805 nam
259 1759 301 1805 si
339 1760 486 1805 vento
527 1758 670 1805 rubet
708 1758 840 1818 luna,
893 1757 1088 1821 signum
1126 1760 1264 1805 venti
1304 1760 1378 1804 est
1415 1757 1586 1805 rubor:
1642 1761 1690 1804 et
1738 1759 1792 1817 si,
1819 1755 1888 1800 16

103 1836 160 1879 ut
197 1832 329 1879 idem
368 1836 517 1894 poeta
557 1833 761 1895 colligit,
810 1833 1041 1880 densatus
1083 1835 1132 1880 et
1170 1833 1367 1879 laxatus
1417 1848 1500 1879 aer
1547 1833 1689 1892 facit,
1737 1834 1795 1878 ut

39 1921 43 1929 '
105 1906 170 1953 sit
230 1906 344 1954 inde
405 1906 490 1953 ille
555 1902 741 1953 ‘avium
796 1902 1094 1965 concentus',
1148 1906 1279 1954 idem
1342 1907 1620 1953 sentiemus.
1677 1908 1794 1953 sunt

38 1997 79 2029 25
108 1983 272 2028 autem
320 1981 462 2043 signa
510 1982 661 2028 etiam
710 1997 865 2042 parva
919 1996 1227 2042 magnorum,
1282 1983 1339 2027 ut
1393 1981 1471 2027 vel
1514 1980 1633 2027 haec
1683 1981 1793 2041 ipsa

107 2056 297 2115 cornix,
336 2071 452 2102 nam
491 2056 682 2101 maiora
720 2054 966 2101 minorum
1007 2071 1108 2102 esse
1148 2071 1291 2102 nemo
1331 2055 1553 2103 miratur.

670 2181 768 2238 [DE
802 2180 1234 2239 ARGUMENTIS]

215 2276 271 2322 X.
312 2277 456 2324 Nunc
496 2276 553 2323 de
595 2278 986 2339 argumentis:
1026 2277 1118 2325 hoc
1159 2279 1291 2324 enim
1321 2278 1518 2324 nomine
1553 2277 1791 2338 complee-
1824 2276 1853 2319 1

105 2351 259 2397 timur
299 2353 477 2411 omnia,
519 2367 644 2412 quae
685 2350 857 2399 Gra-eci
897 2349 1241 2414 ἐνθυμήματα,
1281 2350 1639 2415 ἐπιχειρήματα,
1673 2348 1795 2398 ἀπο-

42 2441 84 2472 3ο
111 2423 279 2481 δείξεις
318 2428 512 2485 vocant,
569 2442 872 2487 quamquam
921 2426 1053 2487 apud
1101 2426 1215 2473 illos
1273 2428 1346 2474 est
1398 2426 1565 2487 aliqua
1618 2425 1795 2472 horum

109 2498 363 2545 nominum
403 2499 696 2560 differentia,
736 2501 886 2547 etiam
926 2501 968 2547 si
1006 2500 1081 2547 vis
1124 2500 1294 2547 eodem
1332 2500 1432 2547 fere
1464 2500 1636 2547 tendit.
1677 2515 1794 2545 nam

227 2704 280 2741 19
314 2699 451 2756 Verg.
487 2700 652 2757 Georg.
689 2706 728 2754 1,
762 2705 846 2744 431
892 2728 944 2732 -—
981 2705 1035 2743 20
1068 2700 1129 2744 ib.
1168 2706 1206 2754 1,
1242 2705 1326 2743 388
1359 2727 1414 2731 —
1450 2705 1506 2742 24
1537 2699 1598 2743 ib.
1636 2706 1675 2753 1,
1708 2703 1794 2741 422

227 2881 252 2919 8
286 2878 374 2934 est]
406 2878 500 2921 fuit
529 2886 574 2920 P
694 2883 746 2920 15
781 2891 805 2921 e
837 2891 907 2921 om
938 2886 975 2918 A
1098 2882 1152 2920 25
1184 2876 1259 2920 vel
1289 2891 1359 2920 om
1391 2885 1435 2918 P
