2007 3120
201 64 278 114 48
711 60 1085 115 QVINTILIANI
1113 59 1263 104 INST.
1297 59 1390 103 OR.

203 204 470 268 significat,
517 206 565 251 et
612 219 721 250 cum
767 200 936 248 eadem
980 200 1150 247 littera
1196 201 1501 246 nominativo
1549 215 1664 247 casu
1708 199 1884 259 brevis,

212 278 429 326 ablativo
469 279 617 339 longa
658 278 745 335 est,
785 277 951 320 utrum
989 288 1265 333 sequamur,
1312 273 1598 333 plerumque
1637 272 1730 320 hac
1767 275 1885 319 nota

144 351 182 395 4
215 351 441 399 monendi
483 365 660 397 sumus.
701 348 929 396 similiter
966 348 1265 407 putaverunt
1301 345 1390 392 illa
1424 361 1615 406 quoque
1648 345 1886 393 servanda

212 425 509 482 discrimina,
569 425 625 469 ut
673 417 768 468 ‘ex’
807 421 1223 482 praepositionem
1269 419 1310 465 si
1355 418 1555 465 verbum
1603 420 1887 479 sequeretur

214 494 433 559 ‘specto',
489 497 681 544 adiecta
737 494 973 541 secundae
1028 492 1245 554 syllabae
1297 507 1317 539 s
1364 492 1545 551 littera,
1601 492 1642 538 si
1690 488 1885 552 ‘pecto’,

145 572 182 615 5
215 574 405 617 remota
465 570 794 618 scriberemus.
871 567 960 613 illa
1015 581 1207 626 quoque
1261 568 1455 613 servata
1509 567 1583 612 est
1637 581 1665 611 a
1717 566 1887 611 multis

213 645 501 702 differentia,
540 646 596 690 ut
637 637 752 702 ead',
793 655 901 688 cum
935 643 1059 686 esset
1090 638 1406 700 praepositio,
1446 638 1477 684 d
1506 639 1739 697 litteram,
1779 653 1888 685 cum

213 721 379 765 autem
425 717 718 775 coniunctio,
768 718 791 760 t
838 714 1092 773 acciperet,
1144 713 1360 772 itemque
1402 708 1565 772 ‘cum',
1616 713 1658 758 si
1695 714 1886 772 tempus

213 790 525 854 significaret,
571 805 658 850 per
699 805 776 848 qu,
825 789 866 834 si
905 788 1148 845 comitem,
1194 801 1281 846 per
1321 801 1345 832 0
1385 801 1440 833 30
1480 785 1600 832 duas
1641 786 1888 845 sequentis

144 867 184 909 {3
216 865 520 913 scriberetur.
589 862 847 926 frigidiora
892 861 968 907 his
1017 860 1128 918 alia,
1176 863 1232 905 ut
1273 855 1548 919 ‘quidquid'
1591 874 1615 904 0
1663 860 1891 918 quartam

212 938 429 994 haberet,
477 953 536 983 ne
583 939 887 997 interrogare
934 933 1008 980 bis
1056 932 1345 991 videremur,
1397 935 1446 978 et
1493 928 1750 992 ‘quotidie’
1792 947 1890 979 non

215 1006 447 1070 ‘cotidie',
486 1014 543 1057 ut
582 1011 648 1057 sit
687 1011 807 1069 quot
846 1007 1035 1053 diebus:
1075 1022 1244 1052 verum
1283 1007 1402 1052 haec
1440 1007 1541 1052 iam
1581 1006 1730 1052 etiam
1760 1007 1891 1051 inter

212 1087 346 1146 ipsas
385 1084 595 1144 ineptias
636 1083 951 1130 evanuerunt.

157 1160 181 1203 7
331 1157 510 1213 Quaeri
549 1158 687 1215 solet,
726 1157 777 1201 in
818 1154 1069 1202 scribendo
1102 1153 1488 1214 praepositiones
1521 1167 1707 1211 sonum,
1746 1167 1891 1212 quem

213 1234 412 1278 iunctae
453 1230 685 1289 efficiunt,
726 1245 788 1276 an
827 1245 971 1290 quem
1012 1229 1284 1288 separatae,
1323 1226 1579 1273 observare
1620 1225 1891 1284 conveniat,

212 1309 270 1352 ut
309 1320 418 1351 cum
464 1305 570 1351 dico
613 1298 865 1364 ‘optinuit'
925 1295 1209 1365 (secundam
1255 1301 1385 1346 enim
1422 1299 1452 1345 b
1498 1300 1718 1346 litteram
1762 1300 1890 1346 ratio

154 1380 185 1423 8
219 1379 390 1440 poscit,
431 1393 570 1425 aures
608 1372 767 1438 magis
808 1375 1013 1422 audiunt
1050 1368 1105 1439 p)
1155 1376 1204 1420 et
1244 1368 1536 1420 ‘immunis'z
1585 1373 1709 1419 illud
1748 1374 1893 1432 enim,

214 1451 347 1514 quod
400 1451 582 1499 veritas
638 1451 804 1511 exigit,
860 1448 1111 1509 sequentis
1166 1447 1386 1508 syllabae
1441 1462 1559 1493 sono
1614 1447 1798 1493 victum
1843 1462 1893 1491 m

153 1528 186 1571 9
219 1526 413 1589 gemina
447 1527 787 1572 commutatur.
837 1525 909 1569 est
942 1525 989 1568 et
1019 1522 1070 1567 in
1103 1520 1379 1567 dividendis
1410 1520 1571 1567 verbis
1602 1519 1893 1578 observatio,

215 1599 429 1646 mediam
467 1599 686 1645 litteram
727 1599 1075 1644 consonantem
1115 1595 1269 1655 priori
1309 1609 1371 1639 an
1411 1595 1634 1654 sequenti
1673 1592 1893 1654 syllabae
1918 1635 1934 1643 ,

217 1673 471 1734 adiungas.
544 1667 821 1731 ‘haruspex'
873 1671 1022 1729 enim,
1080 1670 1195 1728 quia
1251 1682 1364 1729 pars
1419 1669 1522 1713 eius
1577 1666 1817 1728 posterior
1865 1681 1893 1712 a

216 1745 481 1807 spectando
529 1750 615 1804 est,
664 1760 684 1791 s
732 1744 951 1790 litteram
992 1742 1166 1789 tertiae
1207 1741 1358 1799 dabit,
1410 1736 1730 1799 ‘abstemius',
1778 1740 1894 1800 quia

216 1836 274 1867 ex
314 1820 614 1866 abstinentia
654 1819 824 1864 temeti
863 1817 1132 1876 composita
1164 1831 1257 1862 vox
1290 1818 1375 1873 est,
1415 1816 1600 1875 primae
1632 1814 1891 1873 relinquet.

128 1895 191 1938 10
216 1910 331 1940 113111
371 1894 402 1938 k
450 1893 644 1953 quidem
691 1894 743 1937 in
789 1891 936 1936 nullis
983 1889 1143 1936 verbis
1189 1888 1424 1935 utendum
1469 1891 1588 1948 puto
1635 1887 1729 1933 nisi
1771 1902 1894 1947 quae

216 1966 464 2030 significat
502 1969 588 2024 ita,
636 1968 690 2011 ut
739 1965 841 2011 sola
880 1966 1104 2024 ponatur.
1175 1963 1266 2009 boc
1314 1977 1368 2008 00
1415 1977 1513 2008 non
1560 1960 1715 2020 omisi,
1764 1959 1936 2020 quod-

218 2040 419 2101 quidam
474 2055 596 2097 eam,
651 2039 876 2099 quotiens
925 2053 953 2084 a
1000 2039 1246 2097 sequatur,
1301 2036 1624 2083 necessariam
1678 2033 1894 2093 credunt,

218 2130 327 2162 cum
361 2113 424 2160 sit
457 2129 481 2160 0
511 2114 693 2172 littera,
725 2127 849 2172 quae
883 2111 944 2157 ad
977 2112 1134 2158 omnis
1166 2109 1348 2156 vocalis
1380 2111 1478 2155 vim
1504 2123 1641 2155 suam
1665 2107 1893 2169 perferat.

128 2190 187 2233 11
329 2187 512 2233 Verum
547 2186 900 2247 orthographia
933 2199 1123 2244 quoque
1150 2183 1492 2230 consuetudini
1516 2182 1665 2229 servit
1687 2180 1894 2240 ideoque

218 2276 362 2321 saepe
402 2263 593 2307 mutata
636 2263 720 2306 est.
772 2275 887 2305 nam
924 2258 1013 2304 illa
1052 2257 1385 2304 vetustissima
1422 2259 1618 2302 transeo
1657 2258 1894 2315 tempora,

218 2335 394 2395 quibus
436 2336 484 2380 et
522 2334 777 2394 pauciores
816 2333 1012 2378 litterae
1051 2346 1138 2378 nec
1178 2331 1360 2377 similes
1400 2329 1475 2375 his
1515 2329 1693 2375 nostris
1727 2344 1893 2374 earum

217 2409 405 2455 formae
446 2409 647 2453 fuerunt
686 2409 733 2453 et
772 2407 846 2452 vis
887 2420 1082 2466 quoque
1116 2404 1323 2462 diversa,
1364 2404 1490 2450 sicut
1523 2402 1652 2462 apud
1685 2400 1892 2448 Graecos

217 2498 247 2528 o
295 2482 505 2539 litterae,
561 2496 685 2540 quae
734 2480 933 2525 interim
983 2479 1131 2540 longa
1183 2493 1238 2524 ac
1283 2477 1458 2535 brevis,
1511 2478 1567 2522 ut
1614 2475 1744 2535 apud
1791 2490 1894 2534 nos,

217 2555 419 2601 interim
467 2569 555 2614 pro
603 2553 808 2613 syllaba,
861 2568 1007 2612 quam
1056 2552 1251 2597 nomine
1303 2566 1389 2597 suo
1441 2548 1682 2610 exprimit,
1733 2550 1894 2610 posita

340 2684 363 2721 9
409 2692 491 2734 per
534 2693 595 2732 qu
636 2679 827 2721 Becher:
880 2691 962 2732 per
1002 2691 1031 2731 q
1072 2684 1114 2718 P
1157 2689 1239 2731 per
1279 2689 1302 2717 0
1342 2688 1479 2730 super
1518 2687 1542 2715 c
1581 2673 1742 2716 addito
1774 2688 1804 2728 q
1835 2671 1895 2714 ,1²

219 2751 463 2794 perannum-2*
484 2745 557 2788 By
588 2751 670 2792 per
702 2750 838 2792 quom
864 2735 1021 2778 Bn²N
1042 2748 1126 2790 per
1157 2750 1219 2789 qu
1252 2737 1298 2777 et
1329 2748 1407 2776 um
1439 2733 1548 2776 Keil
1684 2737 1735 2775 11
1770 2732 1894 2775 vide-

219 2799 363 2899 333?ss
378 2805 500 2898 {ibri
538 2801 588 2838 12
624 2798 744 2838 esset
779 2795 995 2839 Claussen
1114 2798 1168 2835 23
1201 2793 1489 2847 relinquetur
1515 2799 1604 2833 BP
1720 2796 1774 2834 25
1807 2790 1892 2847 ita]
