<?xml version="1.0" encoding="UTF-8"?>
<!DOCTYPE html PUBLIC "-//W3C//DTD XHTML 1.0 Transitional//EN"
    "http://www.w3.org/TR/xhtml1/DTD/xhtml1-transitional.dtd">
<html xmlns="http://www.w3.org/1999/xhtml" xml:lang="en" lang="en">
 <head>
  <title>
</title>
<meta http-equiv="Content-Type" content="text/html;charset=utf-8" />
  <meta name='ocr-system' content='tesseract 3.04.00' />
  <meta name='ocr-capabilities' content='ocr_page ocr_carea ocr_par ocr_line ocrx_word'/>
</head>
<body>
  <div class='ocr_page' id='page_1' title='image "./institvtionisora00quinuoft/institvtionisora00quinuoft_0358.png"; bbox 0 0 2012 3151; ppageno 0'>
   <div class='ocr_carea' id='block_1_1' title="bbox 225 87 1391 141">
    <p class='ocr_par' dir='ltr' id='par_1_1' title="bbox 225 87 1391 141">
     <span class='ocr_line' id='line_1_1' title="bbox 225 87 1391 141; baseline -0.002 -6"><span class='ocrx_word' id='word_1_1' title='bbox 225 90 331 141; x_wconf 86' lang='lat'>338</span> <span class='ocrx_word' id='word_1_2' title='bbox 717 87 1087 140; x_wconf 76' lang='lat' dir='ltr'><strong>QVINTILIANJ</strong></span> <span class='ocrx_word' id='word_1_3' title='bbox 1116 88 1266 133; x_wconf 87' lang='lat' dir='ltr'><strong>INST.</strong></span> <span class='ocrx_word' id='word_1_4' title='bbox 1301 89 1391 133; x_wconf 76' lang='grc' dir='ltr'>ΟΒ.</span> 
     </span>
    </p>
   </div>
   <div class='ocr_carea' id='block_1_2' title="bbox 139 228 1907 2422">
    <p class='ocr_par' dir='ltr' id='par_1_2' title="bbox 139 228 1907 2422">
     <span class='ocr_line' id='line_1_2' title="bbox 224 228 1894 291; baseline 0.001 -16"><span class='ocrx_word' id='word_1_5' title='bbox 224 228 444 275; x_wconf 89' lang='lat' dir='ltr'>Atellani</span> <span class='ocrx_word' id='word_1_6' title='bbox 499 244 523 275; x_wconf 89' lang='grc'>3</span> <span class='ocrx_word' id='word_1_7' title='bbox 577 243 711 275; x_wconf 89' lang='lat' dir='ltr'>more</span> <span class='ocrx_word' id='word_1_8' title='bbox 773 230 997 289; x_wconf 89' lang='lat' dir='ltr'>captant,</span> <span class='ocrx_word' id='word_1_9' title='bbox 1064 244 1166 291; x_wconf 85' lang='lat' dir='ltr'>nec,</span> <span class='ocrx_word' id='word_1_10' title='bbox 1222 229 1387 289; x_wconf 90' lang='lat' dir='ltr'>qualia</span> <span class='ocrx_word' id='word_1_11' title='bbox 1441 228 1590 290; x_wconf 85' lang='lat' dir='ltr'>vulgo</span> <span class='ocrx_word' id='word_1_12' title='bbox 1643 230 1894 276; x_wconf 88' lang='lat' dir='ltr'>iactantur</span> 
     </span>
     <span class='ocr_line' id='line_1_3' title="bbox 225 302 1891 365; baseline -0.001 -16"><span class='ocrx_word' id='word_1_13' title='bbox 225 302 463 350; x_wconf 86' lang='lat' dir='ltr'>vilissimo</span> <span class='ocrx_word' id='word_1_14' title='bbox 511 303 701 362; x_wconf 86' lang='lat' dir='ltr'>cuique,</span> <span class='ocrx_word' id='word_1_15' title='bbox 755 316 988 348; x_wconf 83' lang='lat' dir='ltr'>conversa</span> <span class='ocrx_word' id='word_1_16' title='bbox 1033 302 1086 348; x_wconf 91' lang='lat' dir='ltr'>in</span> <span class='ocrx_word' id='word_1_17' title='bbox 1131 302 1446 348; x_wconf 88' lang='lat' dir='ltr'>maledictum</span> <span class='ocrx_word' id='word_1_18' title='bbox 1497 303 1596 348; x_wconf 85' lang='lat' dir='ltr'>fere</span> <span class='ocrx_word' id='word_1_19' title='bbox 1652 302 1891 365; x_wconf 87' lang='lat' dir='ltr'>ambigui-</span> 
     </span>
     <span class='ocr_line' id='line_1_4' title="bbox 224 373 1892 436; baseline 0 -15"><span class='ocrx_word' id='word_1_20' title='bbox 224 378 349 422; x_wconf 89' lang='lat' dir='ltr'>tate:</span> <span class='ocrx_word' id='word_1_21' title='bbox 400 390 459 422; x_wconf 89' lang='lat' dir='ltr'>ne</span> <span class='ocrx_word' id='word_1_22' title='bbox 499 375 587 421; x_wconf 87' lang='lat' dir='ltr'>illa</span> <span class='ocrx_word' id='word_1_23' title='bbox 626 374 837 435; x_wconf 90' lang='lat' dir='ltr'>quidem,</span> <span class='ocrx_word' id='word_1_24' title='bbox 887 389 1015 435; x_wconf 89' lang='lat' dir='ltr'>quae</span> <span class='ocrx_word' id='word_1_25' title='bbox 1056 373 1276 422; x_wconf 78' lang='lat' dir='ltr'>Ciceroni</span> <span class='ocrx_word' id='word_1_26' title='bbox 1331 375 1610 436; x_wconf 87' lang='lat' dir='ltr'>aliquando,</span> <span class='ocrx_word' id='word_1_27' title='bbox 1660 374 1743 423; x_wconf 90' lang='lat' dir='ltr'>sed</span> <span class='ocrx_word' id='word_1_28' title='bbox 1793 391 1892 424; x_wconf 92' lang='lat' dir='ltr'>non</span> 
     </span>
     <span class='ocr_line' id='line_1_5' title="bbox 224 447 1893 511; baseline 0 -17"><span class='ocrx_word' id='word_1_29' title='bbox 224 449 276 495; x_wconf 93' lang='lat' dir='ltr'>in</span> <span class='ocrx_word' id='word_1_30' title='bbox 316 448 503 511; x_wconf 90' lang='lat' dir='ltr'>agendo</span> <span class='ocrx_word' id='word_1_31' title='bbox 544 448 844 507; x_wconf 84' lang='lat' dir='ltr'>exciderunt,</span> <span class='ocrx_word' id='word_1_32' title='bbox 895 450 952 493; x_wconf 88' lang='lat' dir='ltr'>ut</span> <span class='ocrx_word' id='word_1_33' title='bbox 997 447 1143 507; x_wconf 88' lang='lat' dir='ltr'>dixit,</span> <span class='ocrx_word' id='word_1_34' title='bbox 1191 463 1300 494; x_wconf 90' lang='lat' dir='ltr'>cum</span> <span class='ocrx_word' id='word_1_35' title='bbox 1351 450 1393 494; x_wconf 89' lang='lat' dir='ltr'>is</span> <span class='ocrx_word' id='word_1_36' title='bbox 1449 448 1751 507; x_wconf 88' lang='lat' dir='ltr'>candidatus,</span> <span class='ocrx_word' id='word_1_37' title='bbox 1809 449 1893 509; x_wconf 89' lang='lat' dir='ltr'>qui</span> 
     </span>
     <span class='ocr_line' id='line_1_6' title="bbox 227 520 1890 584; baseline -0.001 -16"><span class='ocrx_word' id='word_1_38' title='bbox 227 522 371 581; x_wconf 90' lang='lat' dir='ltr'>coqui</span> <span class='ocrx_word' id='word_1_39' title='bbox 409 520 538 568; x_wconf 90' lang='lat' dir='ltr'>filius</span> <span class='ocrx_word' id='word_1_40' title='bbox 577 520 864 579; x_wconf 87' lang='lat' dir='ltr'>habebatur,</span> <span class='ocrx_word' id='word_1_41' title='bbox 904 535 1067 567; x_wconf 89' lang='lat' dir='ltr'>coram</span> <span class='ocrx_word' id='word_1_42' title='bbox 1107 537 1161 568; x_wconf 92' lang='lat' dir='ltr'>eo</span> <span class='ocrx_word' id='word_1_43' title='bbox 1201 522 1489 584; x_wconf 87' lang='lat' dir='ltr'>suffragium</span> <span class='ocrx_word' id='word_1_44' title='bbox 1522 521 1581 567; x_wconf 94' lang='lat' dir='ltr'>ab</span> <span class='ocrx_word' id='word_1_45' title='bbox 1622 522 1719 569; x_wconf 89' lang='lat' dir='ltr'>alio</span> <span class='ocrx_word' id='word_1_46' title='bbox 1757 524 1890 583; x_wconf 89' lang='lat' dir='ltr'>pete-</span> 
     </span>
     <span class='ocr_line' id='line_1_7' title="bbox 139 591 1894 656; baseline 0.002 -19"><span class='ocrx_word' id='word_1_47' title='bbox 139 595 200 638; x_wconf 83' lang='grc'>48</span> <span class='ocrx_word' id='word_1_48' title='bbox 226 597 321 641; x_wconf 84' lang='lat' dir='ltr'>ret:</span> <span class='ocrx_word' id='word_1_49' title='bbox 372 591 480 656; x_wconf 77' lang='lat' dir='ltr'>‘ego</span> <span class='ocrx_word' id='word_1_50' title='bbox 523 609 716 654; x_wconf 88' lang='lat' dir='ltr'>quoque</span> <span class='ocrx_word' id='word_1_51' title='bbox 755 593 848 640; x_wconf 88' lang='lat' dir='ltr'>tibi</span> <span class='ocrx_word' id='word_1_52' title='bbox 886 591 1109 652; x_wconf 83' lang='lat' dir='ltr'>favebo&#39;3</span> <span class='ocrx_word' id='word_1_53' title='bbox 1165 611 1262 641; x_wconf 91' lang='lat' dir='ltr'>non</span> <span class='ocrx_word' id='word_1_54' title='bbox 1303 597 1421 654; x_wconf 89' lang='lat' dir='ltr'>quia</span> <span class='ocrx_word' id='word_1_55' title='bbox 1459 594 1756 642; x_wconf 89' lang='lat' dir='ltr'>excludenda</span> <span class='ocrx_word' id='word_1_56' title='bbox 1795 594 1894 641; x_wconf 89' lang='lat' dir='ltr'>sint</span> 
     </span>
     <span class='ocr_line' id='line_1_8' title="bbox 230 667 1894 730; baseline 0 -16"><span class='ocrx_word' id='word_1_57' title='bbox 230 667 426 715; x_wconf 91' lang='lat' dir='ltr'>omnino</span> <span class='ocrx_word' id='word_1_58' title='bbox 482 667 631 713; x_wconf 80' lang='lat' dir='ltr'>verba</span> <span class='ocrx_word' id='word_1_59' title='bbox 682 667 802 713; x_wconf 93' lang='lat' dir='ltr'>duos</span> <span class='ocrx_word' id='word_1_60' title='bbox 857 682 1023 714; x_wconf 89' lang='lat' dir='ltr'>sensus</span> <span class='ocrx_word' id='word_1_61' title='bbox 1079 668 1421 730; x_wconf 86' lang='lat' dir='ltr'>significantia,</span> <span class='ocrx_word' id='word_1_62' title='bbox 1477 668 1560 715; x_wconf 90' lang='lat' dir='ltr'>sed</span> <span class='ocrx_word' id='word_1_63' title='bbox 1612 669 1730 729; x_wconf 88' lang='lat' dir='ltr'>&#39;quia</span> <span class='ocrx_word' id='word_1_64' title='bbox 1782 683 1894 715; x_wconf 90' lang='lat' dir='ltr'>raro</span> 
     </span>
     <span class='ocr_line' id='line_1_9' title="bbox 230 740 1894 802; baseline 0 -15"><span class='ocrx_word' id='word_1_65' title='bbox 230 741 356 788; x_wconf 92' lang='lat' dir='ltr'>belle</span> <span class='ocrx_word' id='word_1_66' title='bbox 395 740 737 801; x_wconf 81' lang='lat' dir='ltr'>respondeant,</span> <span class='ocrx_word' id='word_1_67' title='bbox 775 740 871 786; x_wconf 91' lang='lat' dir='ltr'>nisi</span> <span class='ocrx_word' id='word_1_68' title='bbox 903 756 1012 788; x_wconf 91' lang='lat' dir='ltr'>cum</span> <span class='ocrx_word' id='word_1_69' title='bbox 1043 756 1239 801; x_wconf 90' lang='lat' dir='ltr'>prorsus</span> <span class='ocrx_word' id='word_1_70' title='bbox 1270 741 1412 789; x_wconf 92' lang='lat' dir='ltr'>rebus</span> <span class='ocrx_word' id='word_1_71' title='bbox 1442 743 1562 802; x_wconf 91' lang='lat' dir='ltr'>ipsis</span> <span class='ocrx_word' id='word_1_72' title='bbox 1588 741 1894 788; x_wconf 88' lang='lat' dir='ltr'>adiuvantur.</span> 
     </span>
     <span class='ocr_line' id='line_1_10' title="bbox 230 808 1896 876; baseline 0 -15"><span class='ocrx_word' id='word_1_73' title='bbox 230 830 380 875; x_wconf 88' lang='lat' dir='ltr'>quare</span> <span class='ocrx_word' id='word_1_74' title='bbox 426 811 543 874; x_wconf 86' lang='lat' dir='ltr'>[non</span> <span class='ocrx_word' id='word_1_75' title='bbox 582 814 673 860; x_wconf 89' lang='lat' dir='ltr'>hoc</span> <span class='ocrx_word' id='word_1_76' title='bbox 712 808 880 876; x_wconf 91' lang='lat' dir='ltr'>modo]</span> <span class='ocrx_word' id='word_1_77' title='bbox 929 830 1082 875; x_wconf 87' lang='lat' dir='ltr'>paene</span> <span class='ocrx_word' id='word_1_78' title='bbox 1122 817 1171 862; x_wconf 90' lang='lat' dir='ltr'>et</span> <span class='ocrx_word' id='word_1_79' title='bbox 1208 816 1369 876; x_wconf 90' lang='lat' dir='ltr'>ipsum</span> <span class='ocrx_word' id='word_1_80' title='bbox 1408 815 1610 862; x_wconf 83' lang='lat' dir='ltr'>scurrile</span> <span class='ocrx_word' id='word_1_81' title='bbox 1654 813 1896 862; x_wconf 86' lang='lat' dir='ltr'>Ciceronis</span> 
     </span>
     <span class='ocr_line' id='line_1_11' title="bbox 230 884 1896 948; baseline 0 -14"><span class='ocrx_word' id='word_1_82' title='bbox 230 891 305 934; x_wconf 90' lang='lat' dir='ltr'>est</span> <span class='ocrx_word' id='word_1_83' title='bbox 326 888 379 934; x_wconf 91' lang='lat' dir='ltr'>in</span> <span class='ocrx_word' id='word_1_84' title='bbox 404 887 625 945; x_wconf 89' lang='lat' dir='ltr'>eundem,</span> <span class='ocrx_word' id='word_1_85' title='bbox 651 886 707 933; x_wconf 92' lang='lat' dir='ltr'>de</span> <span class='ocrx_word' id='word_1_86' title='bbox 733 903 828 947; x_wconf 90' lang='lat' dir='ltr'>quo</span> <span class='ocrx_word' id='word_1_87' title='bbox 854 902 1003 948; x_wconf 89' lang='lat' dir='ltr'>supra</span> <span class='ocrx_word' id='word_1_88' title='bbox 1029 888 1142 947; x_wconf 89' lang='lat' dir='ltr'>dixi,</span> <span class='ocrx_word' id='word_1_89' title='bbox 1166 888 1457 935; x_wconf 81' lang='lat' dir='ltr'>Isauricum:</span> <span class='ocrx_word' id='word_1_90' title='bbox 1483 884 1652 934; x_wconf 81' lang='lat' dir='ltr'>‘miror</span> <span class='ocrx_word' id='word_1_91' title='bbox 1684 887 1801 948; x_wconf 92' lang='lat' dir='ltr'>quid</span> <span class='ocrx_word' id='word_1_92' title='bbox 1818 889 1896 947; x_wconf 91' lang='lat' dir='ltr'>sit,</span> 
     </span>
     <span class='ocr_line' id='line_1_12' title="bbox 231 960 1894 1021; baseline 0 -14"><span class='ocrx_word' id='word_1_93' title='bbox 231 961 361 1021; x_wconf 88' lang='lat' dir='ltr'>quod</span> <span class='ocrx_word' id='word_1_94' title='bbox 399 963 540 1021; x_wconf 90' lang='lat' dir='ltr'>pater</span> <span class='ocrx_word' id='word_1_95' title='bbox 578 963 705 1019; x_wconf 85' lang='lat' dir='ltr'>tuus,</span> <span class='ocrx_word' id='word_1_96' title='bbox 753 960 898 1007; x_wconf 90' lang='lat' dir='ltr'>homo</span> <span class='ocrx_word' id='word_1_97' title='bbox 938 961 1377 1020; x_wconf 88' lang='lat' dir='ltr'>constantissimus,</span> <span class='ocrx_word' id='word_1_98' title='bbox 1423 965 1472 1008; x_wconf 89' lang='lat' dir='ltr'>te</span> <span class='ocrx_word' id='word_1_99' title='bbox 1517 962 1657 1008; x_wconf 90' lang='lat' dir='ltr'>nobis</span> <span class='ocrx_word' id='word_1_100' title='bbox 1703 961 1894 1008; x_wconf 89' lang='lat' dir='ltr'>varium</span> 
     </span>
     <span class='ocr_line' id='line_1_13' title="bbox 142 1030 1895 1097; baseline 0.002 -19"><span class='ocrx_word' id='word_1_101' title='bbox 142 1034 203 1078; x_wconf 81' lang='lat'>49</span> <span class='ocrx_word' id='word_1_102' title='bbox 229 1030 466 1094; x_wconf 87' lang='lat' dir='ltr'>reliquit’.</span> <span class='ocrx_word' id='word_1_103' title='bbox 529 1033 613 1080; x_wconf 89' lang='lat' dir='ltr'>sed</span> <span class='ocrx_word' id='word_1_104' title='bbox 661 1033 785 1080; x_wconf 92' lang='lat' dir='ltr'>illud</span> <span class='ocrx_word' id='word_1_105' title='bbox 847 1050 904 1081; x_wconf 90' lang='lat' dir='ltr'>ex</span> <span class='ocrx_word' id='word_1_106' title='bbox 958 1035 1123 1082; x_wconf 90' lang='lat' dir='ltr'>eodem</span> <span class='ocrx_word' id='word_1_107' title='bbox 1177 1051 1350 1097; x_wconf 86' lang='lat' dir='ltr'>genere</span> <span class='ocrx_word' id='word_1_108' title='bbox 1404 1035 1731 1096; x_wconf 87' lang='lat' dir='ltr'>praeclarum:</span> <span class='ocrx_word' id='word_1_109' title='bbox 1785 1050 1895 1081; x_wconf 90' lang='lat' dir='ltr'>cum</span> 
     </span>
     <span class='ocr_line' id='line_1_14' title="bbox 230 1106 1896 1171; baseline 0.001 -17"><span class='ocrx_word' id='word_1_110' title='bbox 230 1108 444 1155; x_wconf 88' lang='lat' dir='ltr'>obiceret</span> <span class='ocrx_word' id='word_1_111' title='bbox 482 1107 657 1154; x_wconf 85' lang='lat' dir='ltr'>Miloni</span> <span class='ocrx_word' id='word_1_112' title='bbox 696 1112 950 1155; x_wconf 87' lang='lat' dir='ltr'>accusator</span> <span class='ocrx_word' id='word_1_113' title='bbox 989 1109 1039 1155; x_wconf 93' lang='lat' dir='ltr'>in</span> <span class='ocrx_word' id='word_1_114' title='bbox 1079 1112 1418 1171; x_wconf 85' lang='lat' dir='ltr'>argumentum</span> <span class='ocrx_word' id='word_1_115' title='bbox 1458 1110 1701 1156; x_wconf 84' lang='lat' dir='ltr'>factarum</span> <span class='ocrx_word' id='word_1_116' title='bbox 1726 1106 1896 1155; x_wconf 92' lang='lat' dir='ltr'>Clodio</span> 
     </span>
     <span class='ocr_line' id='line_1_15' title="bbox 228 1180 1897 1241; baseline 0.001 -14"><span class='ocrx_word' id='word_1_117' title='bbox 228 1181 533 1239; x_wconf 89' lang='lat' dir='ltr'>insidiarum,</span> <span class='ocrx_word' id='word_1_118' title='bbox 574 1180 705 1241; x_wconf 91' lang='lat' dir='ltr'>quod</span> <span class='ocrx_word' id='word_1_119' title='bbox 744 1180 963 1229; x_wconf 86' lang='lat' dir='ltr'>Bovillas</span> <span class='ocrx_word' id='word_1_120' title='bbox 1005 1186 1118 1229; x_wconf 88' lang='lat' dir='ltr'>ante</span> <span class='ocrx_word' id='word_1_121' title='bbox 1156 1182 1326 1229; x_wconf 88' lang='lat' dir='ltr'>horam</span> <span class='ocrx_word' id='word_1_122' title='bbox 1373 1197 1552 1229; x_wconf 90' lang='lat' dir='ltr'>nonam</span> <span class='ocrx_word' id='word_1_123' title='bbox 1598 1181 1897 1240; x_wconf 79' lang='lat' dir='ltr'>devertisset,</span> 
     </span>
     <span class='ocr_line' id='line_1_16' title="bbox 230 1254 1899 1315; baseline 0 -15"><span class='ocrx_word' id='word_1_124' title='bbox 230 1258 287 1301; x_wconf 88' lang='lat' dir='ltr'>ut</span> <span class='ocrx_word' id='word_1_125' title='bbox 326 1258 618 1315; x_wconf 86' lang='lat' dir='ltr'>expectaret,</span> <span class='ocrx_word' id='word_1_126' title='bbox 659 1254 774 1300; x_wconf 90' lang='lat' dir='ltr'>dum</span> <span class='ocrx_word' id='word_1_127' title='bbox 808 1254 1006 1302; x_wconf 87' lang='lat' dir='ltr'>Clodius</span> <span class='ocrx_word' id='word_1_128' title='bbox 1040 1271 1068 1302; x_wconf 90' lang='lat' dir='ltr'>a</span> <span class='ocrx_word' id='word_1_129' title='bbox 1099 1256 1219 1302; x_wconf 75' lang='lat' dir='ltr'>villa</span> <span class='ocrx_word' id='word_1_130' title='bbox 1244 1271 1332 1303; x_wconf 91' lang='lat' dir='ltr'>sua</span> <span class='ocrx_word' id='word_1_131' title='bbox 1357 1255 1521 1313; x_wconf 90' lang='lat' dir='ltr'>exiret,</span> <span class='ocrx_word' id='word_1_132' title='bbox 1562 1257 1611 1301; x_wconf 88' lang='lat' dir='ltr'>et</span> <span class='ocrx_word' id='word_1_133' title='bbox 1634 1254 1899 1301; x_wconf 88' lang='lat' dir='ltr'>identidem</span> 
     </span>
     <span class='ocr_line' id='line_1_17' title="bbox 231 1327 1900 1389; baseline 0 -15"><span class='ocrx_word' id='word_1_134' title='bbox 231 1329 574 1389; x_wconf 89' lang='lat' dir='ltr'>interrogaret,</span> <span class='ocrx_word' id='word_1_135' title='bbox 616 1343 709 1387; x_wconf 90' lang='lat' dir='ltr'>quo</span> <span class='ocrx_word' id='word_1_136' title='bbox 750 1329 966 1389; x_wconf 88' lang='lat' dir='ltr'>tempore</span> <span class='ocrx_word' id='word_1_137' title='bbox 1008 1328 1204 1376; x_wconf 82' lang='lat' dir='ltr'>Clodius</span> <span class='ocrx_word' id='word_1_138' title='bbox 1246 1330 1429 1376; x_wconf 84' lang='lat' dir='ltr'>occisus</span> <span class='ocrx_word' id='word_1_139' title='bbox 1471 1332 1610 1388; x_wconf 88' lang='lat' dir='ltr'>esset,</span> <span class='ocrx_word' id='word_1_140' title='bbox 1649 1327 1900 1388; x_wconf 89' lang='lat' dir='ltr'>respondit</span> 
     </span>
     <span class='ocr_line' id='line_1_18' title="bbox 233 1397 1901 1465; baseline 0.001 -18"><span class='ocrx_word' id='word_1_141' title='bbox 233 1397 394 1460; x_wconf 67' lang='lat' dir='ltr'>‘sero’,</span> <span class='ocrx_word' id='word_1_142' title='bbox 437 1401 566 1461; x_wconf 88' lang='lat' dir='ltr'>quod</span> <span class='ocrx_word' id='word_1_143' title='bbox 605 1401 682 1447; x_wconf 89' lang='lat' dir='ltr'>vel</span> <span class='ocrx_word' id='word_1_144' title='bbox 722 1402 881 1448; x_wconf 91' lang='lat' dir='ltr'>solum</span> <span class='ocrx_word' id='word_1_145' title='bbox 922 1402 1117 1461; x_wconf 86' lang='lat' dir='ltr'>sufficit,</span> <span class='ocrx_word' id='word_1_146' title='bbox 1167 1405 1224 1449; x_wconf 90' lang='lat' dir='ltr'>ut</span> <span class='ocrx_word' id='word_1_147' title='bbox 1261 1402 1350 1449; x_wconf 93' lang='lat' dir='ltr'>hoc</span> <span class='ocrx_word' id='word_1_148' title='bbox 1397 1417 1550 1465; x_wconf 89' lang='lat' dir='ltr'>genus</span> <span class='ocrx_word' id='word_1_149' title='bbox 1595 1417 1692 1448; x_wconf 90' lang='lat' dir='ltr'>non</span> <span class='ocrx_word' id='word_1_150' title='bbox 1739 1404 1901 1448; x_wconf 88' lang='lat' dir='ltr'>totum</span> 
     </span>
     <span class='ocr_line' id='line_1_19' title="bbox 143 1475 1899 1538; baseline 0.002 -20"><span class='ocrx_word' id='word_1_151' title='bbox 143 1476 205 1518; x_wconf 80' lang='lat'>50</span> <span class='ocrx_word' id='word_1_152' title='bbox 229 1475 524 1535; x_wconf 82' lang='lat' dir='ltr'>repudietur.</span> <span class='ocrx_word' id='word_1_153' title='bbox 572 1490 659 1521; x_wconf 91' lang='lat' dir='ltr'>nec</span> <span class='ocrx_word' id='word_1_154' title='bbox 697 1475 844 1535; x_wconf 89' lang='lat' dir='ltr'>plura</span> <span class='ocrx_word' id='word_1_155' title='bbox 889 1477 1033 1524; x_wconf 90' lang='lat' dir='ltr'>modo</span> <span class='ocrx_word' id='word_1_156' title='bbox 1081 1476 1349 1538; x_wconf 89' lang='lat' dir='ltr'>significari</span> <span class='ocrx_word' id='word_1_157' title='bbox 1395 1476 1575 1534; x_wconf 82' lang='lat' dir='ltr'>solent,</span> <span class='ocrx_word' id='word_1_158' title='bbox 1622 1475 1706 1522; x_wconf 92' lang='lat' dir='ltr'>sed</span> <span class='ocrx_word' id='word_1_159' title='bbox 1752 1476 1899 1522; x_wconf 90' lang='lat' dir='ltr'>etiam</span> 
     </span>
     <span class='ocr_line' id='line_1_20' title="bbox 231 1545 1901 1610; baseline -0.001 -16"><span class='ocrx_word' id='word_1_160' title='bbox 231 1548 435 1607; x_wconf 84' lang='lat' dir='ltr'>diversa,</span> <span class='ocrx_word' id='word_1_161' title='bbox 476 1552 531 1594; x_wconf 90' lang='lat' dir='ltr'>ut</span> <span class='ocrx_word' id='word_1_162' title='bbox 571 1548 699 1594; x_wconf 88' lang='lat' dir='ltr'>Nero</span> <span class='ocrx_word' id='word_1_163' title='bbox 741 1549 797 1596; x_wconf 92' lang='lat' dir='ltr'>de</span> <span class='ocrx_word' id='word_1_164' title='bbox 838 1564 975 1596; x_wconf 83' lang='lat' dir='ltr'>servo</span> <span class='ocrx_word' id='word_1_165' title='bbox 1016 1551 1226 1610; x_wconf 88' lang='lat' dir='ltr'>pessimo</span> <span class='ocrx_word' id='word_1_166' title='bbox 1267 1549 1411 1596; x_wconf 82' lang='lat' dir='ltr'>dixit:</span> <span class='ocrx_word' id='word_1_167' title='bbox 1452 1545 1597 1595; x_wconf 75' lang='lat' dir='ltr'>‘nulli</span> <span class='ocrx_word' id='word_1_168' title='bbox 1627 1549 1737 1610; x_wconf 91' lang='lat' dir='ltr'>plus</span> <span class='ocrx_word' id='word_1_169' title='bbox 1771 1547 1901 1610; x_wconf 88' lang='lat' dir='ltr'>apud</span> 
     </span>
     <span class='ocr_line' id='line_1_21' title="bbox 231 1621 1899 1685; baseline -0.001 -16"><span class='ocrx_word' id='word_1_170' title='bbox 231 1637 280 1669; x_wconf 92' lang='lat' dir='ltr'>se</span> <span class='ocrx_word' id='word_1_171' title='bbox 335 1621 447 1668; x_wconf 85' lang='lat' dir='ltr'>fidei</span> <span class='ocrx_word' id='word_1_172' title='bbox 502 1621 685 1680; x_wconf 86' lang='lat' dir='ltr'>haberi,</span> <span class='ocrx_word' id='word_1_173' title='bbox 755 1623 878 1669; x_wconf 89' lang='lat' dir='ltr'>nihil</span> <span class='ocrx_word' id='word_1_174' title='bbox 949 1625 994 1670; x_wconf 92' lang='lat' dir='ltr'>ei</span> <span class='ocrx_word' id='word_1_175' title='bbox 1062 1639 1149 1670; x_wconf 91' lang='lat' dir='ltr'>nec</span> <span class='ocrx_word' id='word_1_176' title='bbox 1191 1624 1377 1670; x_wconf 85' lang='lat' dir='ltr'>clusum</span> <span class='ocrx_word' id='word_1_177' title='bbox 1431 1638 1586 1683; x_wconf 89' lang='lat' dir='ltr'>neque</span> <span class='ocrx_word' id='word_1_178' title='bbox 1650 1623 1899 1685; x_wconf 88' lang='lat' dir='ltr'>signatum</span> 
     </span>
     <span class='ocr_line' id='line_1_22' title="bbox 144 1692 1900 1760; baseline 0.001 -20"><span class='ocrx_word' id='word_1_179' title='bbox 144 1696 204 1740; x_wconf 82' lang='lat'>51</span> <span class='ocrx_word' id='word_1_180' title='bbox 234 1692 370 1742; x_wconf 92' lang='lat' dir='ltr'>esse&#39;.</span> <span class='ocrx_word' id='word_1_181' title='bbox 410 1696 634 1755; x_wconf 84' lang='lat' dir='ltr'>pervenit</span> <span class='ocrx_word' id='word_1_182' title='bbox 671 1710 746 1743; x_wconf 87' lang='lat' dir='ltr'>res</span> <span class='ocrx_word' id='word_1_183' title='bbox 787 1711 942 1756; x_wconf 87' lang='lat' dir='ltr'>usque</span> <span class='ocrx_word' id='word_1_184' title='bbox 983 1697 1044 1743; x_wconf 90' lang='lat' dir='ltr'>ad</span> <span class='ocrx_word' id='word_1_185' title='bbox 1084 1699 1324 1760; x_wconf 83' lang='lat' dir='ltr'>aenigma,</span> <span class='ocrx_word' id='word_1_186' title='bbox 1365 1697 1508 1757; x_wconf 88' lang='lat' dir='ltr'>quale</span> <span class='ocrx_word' id='word_1_187' title='bbox 1551 1699 1624 1743; x_wconf 88' lang='lat' dir='ltr'>est</span> <span class='ocrx_word' id='word_1_188' title='bbox 1656 1695 1900 1742; x_wconf 90' lang='lat' dir='ltr'>Ciceronis</span> 
     </span>
     <span class='ocr_line' id='line_1_23' title="bbox 232 1768 1901 1829; baseline -0.001 -14"><span class='ocrx_word' id='word_1_189' title='bbox 232 1769 281 1815; x_wconf 92' lang='lat' dir='ltr'>in</span> <span class='ocrx_word' id='word_1_190' title='bbox 335 1768 635 1815; x_wconf 87' lang='lat' dir='ltr'>Plaetorium</span> <span class='ocrx_word' id='word_1_191' title='bbox 683 1769 857 1816; x_wconf 89' lang='lat' dir='ltr'>Fontei</span> <span class='ocrx_word' id='word_1_192' title='bbox 913 1774 1259 1829; x_wconf 85' lang='lat' dir='ltr'>accusatorem,</span> <span class='ocrx_word' id='word_1_193' title='bbox 1315 1770 1448 1817; x_wconf 87' lang='lat' dir='ltr'>cuius</span> <span class='ocrx_word' id='word_1_194' title='bbox 1502 1772 1706 1816; x_wconf 90' lang='lat' dir='ltr'>matrem</span> <span class='ocrx_word' id='word_1_195' title='bbox 1764 1769 1901 1827; x_wconf 87' lang='lat' dir='ltr'>dixit,</span> 
     </span>
     <span class='ocr_line' id='line_1_24' title="bbox 234 1842 1901 1905; baseline 0 -17"><span class='ocrx_word' id='word_1_196' title='bbox 234 1842 350 1889; x_wconf 91' lang='lat' dir='ltr'>dum</span> <span class='ocrx_word' id='word_1_197' title='bbox 390 1843 604 1900; x_wconf 82' lang='lat' dir='ltr'>vixisset,</span> <span class='ocrx_word' id='word_1_198' title='bbox 657 1843 842 1901; x_wconf 91' lang='lat' dir='ltr'>ludum,</span> <span class='ocrx_word' id='word_1_199' title='bbox 892 1848 1153 1905; x_wconf 87' lang='lat' dir='ltr'>postquam</span> <span class='ocrx_word' id='word_1_200' title='bbox 1205 1848 1399 1891; x_wconf 86' lang='lat' dir='ltr'>mortua</span> <span class='ocrx_word' id='word_1_201' title='bbox 1446 1846 1591 1903; x_wconf 90' lang='lat' dir='ltr'>esset,</span> <span class='ocrx_word' id='word_1_202' title='bbox 1638 1842 1901 1905; x_wconf 87' lang='lat' dir='ltr'>magistros</span> 
     </span>
     <span class='ocr_line' id='line_1_25' title="bbox 233 1915 1902 1977; baseline 0.001 -16"><span class='ocrx_word' id='word_1_203' title='bbox 233 1916 473 1963; x_wconf 88' lang='lat' dir='ltr'>habuisse.</span> <span class='ocrx_word' id='word_1_204' title='bbox 528 1915 814 1964; x_wconf 88' lang='lat' dir='ltr'>dicebantur</span> <span class='ocrx_word' id='word_1_205' title='bbox 853 1921 1032 1977; x_wconf 88' lang='lat' dir='ltr'>autem,</span> <span class='ocrx_word' id='word_1_206' title='bbox 1083 1917 1196 1964; x_wconf 91' lang='lat' dir='ltr'>dum</span> <span class='ocrx_word' id='word_1_207' title='bbox 1249 1919 1387 1976; x_wconf 84' lang='lat' dir='ltr'>vixit,</span> <span class='ocrx_word' id='word_1_208' title='bbox 1437 1918 1644 1964; x_wconf 87' lang='lat' dir='ltr'>infames</span> <span class='ocrx_word' id='word_1_209' title='bbox 1692 1916 1902 1962; x_wconf 84' lang='lat' dir='ltr'>feminae</span> 
     </span>
     <span class='ocr_line' id='line_1_26' title="bbox 235 1989 1903 2052; baseline -0.001 -16"><span class='ocrx_word' id='word_1_210' title='bbox 235 1991 492 2036; x_wconf 85' lang='lat' dir='ltr'>convenire</span> <span class='ocrx_word' id='word_1_211' title='bbox 533 1989 594 2035; x_wconf 93' lang='lat' dir='ltr'>ad</span> <span class='ocrx_word' id='word_1_212' title='bbox 634 2005 741 2036; x_wconf 89' lang='lat' dir='ltr'>eam</span> <span class='ocrx_word' id='word_1_213' title='bbox 781 1992 971 2050; x_wconf 88' lang='lat' dir='ltr'>solitae,</span> <span class='ocrx_word' id='word_1_214' title='bbox 1021 1995 1133 2052; x_wconf 90' lang='lat' dir='ltr'>post</span> <span class='ocrx_word' id='word_1_215' title='bbox 1170 1995 1378 2038; x_wconf 92' lang='lat' dir='ltr'>mortem</span> <span class='ocrx_word' id='word_1_216' title='bbox 1417 1991 1545 2037; x_wconf 91' lang='lat' dir='ltr'>bona</span> <span class='ocrx_word' id='word_1_217' title='bbox 1591 1991 1695 2037; x_wconf 85' lang='lat' dir='ltr'>eius</span> <span class='ocrx_word' id='word_1_218' title='bbox 1741 1990 1903 2036; x_wconf 80' lang='lat' dir='ltr'>venie-</span> 
     </span>
     <span class='ocr_line' id='line_1_27' title="bbox 233 2058 1904 2126; baseline 0 -17"><span class='ocrx_word' id='word_1_219' title='bbox 233 2067 359 2110; x_wconf 87' lang='lat' dir='ltr'>rant.</span> <span class='ocrx_word' id='word_1_220' title='bbox 401 2058 724 2126; x_wconf 87' lang='lat' dir='ltr'>[quamquam</span> <span class='ocrx_word' id='word_1_221' title='bbox 755 2065 832 2110; x_wconf 91' lang='lat' dir='ltr'>hic</span> <span class='ocrx_word' id='word_1_222' title='bbox 861 2061 1038 2112; x_wconf 81' lang='lat' dir='ltr'>‘ludus&#39;</span> <span class='ocrx_word' id='word_1_223' title='bbox 1080 2080 1167 2126; x_wconf 84' lang='lat' dir='ltr'>per</span> <span class='ocrx_word' id='word_1_224' title='bbox 1205 2065 1576 2112; x_wconf 86' lang='lat' dir='ltr'>translationem</span> <span class='ocrx_word' id='word_1_225' title='bbox 1602 2063 1786 2110; x_wconf 85' lang='lat' dir='ltr'>dictum</span> <span class='ocrx_word' id='word_1_226' title='bbox 1818 2066 1904 2120; x_wconf 83' lang='lat' dir='ltr'>est,</span> 
     </span>
     <span class='ocr_line' id='line_1_28' title="bbox 146 2132 1907 2201; baseline 0.002 -23"><span class='ocrx_word' id='word_1_227' title='bbox 146 2135 208 2179; x_wconf 79' lang='lat'>52</span> <span class='ocrx_word' id='word_1_228' title='bbox 237 2132 496 2199; x_wconf 79' lang='lat' dir='ltr'>‘magistri&#39;</span> <span class='ocrx_word' id='word_1_229' title='bbox 525 2153 611 2197; x_wconf 93' lang='lat' dir='ltr'>per</span> <span class='ocrx_word' id='word_1_230' title='bbox 643 2136 1050 2201; x_wconf 68' lang='lat' dir='ltr'>ambiguitatem]</span> <span class='ocrx_word' id='word_1_231' title='bbox 1094 2139 1146 2185; x_wconf 88' lang='lat' dir='ltr'>in</span> <span class='ocrx_word' id='word_1_232' title='bbox 1177 2138 1518 2200; x_wconf 88' lang='lat' dir='ltr'>metalempsin</span> <span class='ocrx_word' id='word_1_233' title='bbox 1550 2153 1742 2198; x_wconf 90' lang='lat' dir='ltr'>quoque</span> <span class='ocrx_word' id='word_1_234' title='bbox 1775 2135 1907 2184; x_wconf 85' lang='lat' dir='ltr'>cadit</span> 
     </span>
     <span class='ocr_line' id='line_1_29' title="bbox 237 2209 1905 2271; baseline -0.001 -14"><span class='ocrx_word' id='word_1_235' title='bbox 237 2210 404 2257; x_wconf 91' lang='lat' dir='ltr'>eadem</span> <span class='ocrx_word' id='word_1_236' title='bbox 451 2211 578 2256; x_wconf 87' lang='lat' dir='ltr'>ratio</span> <span class='ocrx_word' id='word_1_237' title='bbox 620 2210 876 2271; x_wconf 86' lang='lat' dir='ltr'>dictorum,</span> <span class='ocrx_word' id='word_1_238' title='bbox 915 2217 971 2259; x_wconf 93' lang='lat' dir='ltr'>ut</span> <span class='ocrx_word' id='word_1_239' title='bbox 1010 2212 1189 2259; x_wconf 89' lang='lat' dir='ltr'>Fabius</span> <span class='ocrx_word' id='word_1_240' title='bbox 1228 2212 1493 2270; x_wconf 83' lang='lat' dir='ltr'>Maximus,</span> <span class='ocrx_word' id='word_1_241' title='bbox 1539 2212 1767 2258; x_wconf 88' lang='lat' dir='ltr'>incusans</span> <span class='ocrx_word' id='word_1_242' title='bbox 1806 2209 1905 2255; x_wconf 88' lang='lat' dir='ltr'>Au·</span> 
     </span>
     <span class='ocr_line' id='line_1_30' title="bbox 237 2283 1907 2346; baseline -0.001 -16"><span class='ocrx_word' id='word_1_243' title='bbox 237 2286 367 2345; x_wconf 84' lang='lat' dir='ltr'>gusti</span> <span class='ocrx_word' id='word_1_244' title='bbox 419 2283 799 2346; x_wconf 85' lang='lat' dir='ltr'>congiariorum,</span> <span class='ocrx_word' id='word_1_245' title='bbox 856 2301 982 2346; x_wconf 87' lang='lat' dir='ltr'>quae</span> <span class='ocrx_word' id='word_1_246' title='bbox 1035 2287 1203 2333; x_wconf 87' lang='lat' dir='ltr'>amicis</span> <span class='ocrx_word' id='word_1_247' title='bbox 1255 2285 1519 2342; x_wconf 90' lang='lat' dir='ltr'>dabantur,</span> <span class='ocrx_word' id='word_1_248' title='bbox 1573 2284 1907 2346; x_wconf 84' lang='lat' dir='ltr'>exiguitatem,</span> 
     </span>
     <span class='ocr_line' id='line_1_31' title="bbox 235 2356 1905 2422; baseline 0 -20"><span class='ocrx_word' id='word_1_249' title='bbox 235 2357 507 2404; x_wconf 90' lang='lat' dir='ltr'>heminaria</span> <span class='ocrx_word' id='word_1_250' title='bbox 547 2373 648 2405; x_wconf 83' lang='lat' dir='ltr'>esse</span> <span class='ocrx_word' id='word_1_251' title='bbox 690 2359 811 2405; x_wconf 87' lang='lat' dir='ltr'>dixit</span> <span class='ocrx_word' id='word_1_252' title='bbox 864 2361 999 2422; x_wconf 78' lang='lat' dir='ltr'>(nam</span> <span class='ocrx_word' id='word_1_253' title='bbox 1041 2361 1346 2421; x_wconf 84' lang='lat' dir='ltr'>congiarium</span> <span class='ocrx_word' id='word_1_254' title='bbox 1395 2373 1645 2406; x_wconf 85' lang='lat' dir='ltr'>commune</span> <span class='ocrx_word' id='word_1_255' title='bbox 1691 2356 1905 2404; x_wconf 91' lang='lat' dir='ltr'>liberali-</span> 
     </span>
    </p>
   </div>
   <div class='ocr_carea' id='block_1_3' title="bbox 356 2467 1905 2521">
    <p class='ocr_par' dir='ltr' id='par_1_3' title="bbox 356 2467 1905 2521">
     <span class='ocr_line' id='line_1_32' title="bbox 356 2467 1905 2521; baseline -0.001 -11"><span class='ocrx_word' id='word_1_256' title='bbox 356 2472 379 2510; x_wconf 87' lang='lat'>9</span> <span class='ocrx_word' id='word_1_257' title='bbox 413 2482 467 2510; x_wconf 87' lang='lat' dir='ltr'>ex</span> <span class='ocrx_word' id='word_1_258' title='bbox 499 2467 586 2509; x_wconf 87' lang='lat' dir='ltr'>inc.</span> <span class='ocrx_word' id='word_1_259' title='bbox 619 2472 752 2512; x_wconf 83' lang='lat' dir='ltr'>oratt.</span> <span class='ocrx_word' id='word_1_260' title='bbox 783 2469 824 2511; x_wconf 89' lang='lat' dir='ltr'>fr</span> <span class='ocrx_word' id='word_1_261' title='bbox 850 2470 898 2511; x_wconf 93' lang='lat' dir='ltr'>B.</span> <span class='ocrx_word' id='word_1_262' title='bbox 935 2470 1036 2512; x_wconf 89' lang='lat' dir='ltr'>3M.</span> <span class='ocrx_word' id='word_1_263' title='bbox 1072 2496 1124 2500; x_wconf 91' lang='lat'>—</span> <span class='ocrx_word' id='word_1_264' title='bbox 1161 2475 1214 2512; x_wconf 85' lang='lat'>19</span> <span class='ocrx_word' id='word_1_265' title='bbox 1249 2470 1298 2512; x_wconf 87' lang='lat' dir='ltr'>cf</span> <span class='ocrx_word' id='word_1_266' title='bbox 1315 2469 1403 2512; x_wconf 88' lang='lat' dir='ltr'>Cic.</span> <span class='ocrx_word' id='word_1_267' title='bbox 1439 2469 1495 2512; x_wconf 91' lang='lat' dir='ltr'>de</span> <span class='ocrx_word' id='word_1_268' title='bbox 1520 2470 1633 2512; x_wconf 88' lang='lat' dir='ltr'>orat.</span> <span class='ocrx_word' id='word_1_269' title='bbox 1660 2473 1699 2521; x_wconf 84' lang='lat'>2,</span> <span class='ocrx_word' id='word_1_270' title='bbox 1727 2472 1796 2520; x_wconf 86' lang='lat'>61,</span> <span class='ocrx_word' id='word_1_271' title='bbox 1822 2470 1905 2510; x_wconf 81' lang='lat'>248</span> 
     </span>
    </p>
   </div>
   <div class='ocr_carea' id='block_1_4' title="bbox 237 2584 1913 2936">
    <p class='ocr_par' dir='ltr' id='par_1_4' title="bbox 237 2584 1913 2936">
     <span class='ocr_line' id='line_1_33' title="bbox 359 2584 1913 2643; baseline -0.001 -16"><span class='ocrx_word' id='word_1_272' title='bbox 359 2591 378 2627; x_wconf 93' lang='lat'>1</span> <span class='ocrx_word' id='word_1_273' title='bbox 418 2585 624 2628; x_wconf 84' lang='lat' dir='ltr'>Atellani</span> <span class='ocrx_word' id='word_1_274' title='bbox 667 2601 688 2628; x_wconf 89' lang='lat' dir='ltr'>e</span> <span class='ocrx_word' id='word_1_275' title='bbox 730 2586 975 2643; x_wconf 75' lang='lat' dir='ltr'>Spaldiny:</span> <span class='ocrx_word' id='word_1_276' title='bbox 1027 2587 1257 2630; x_wconf 86' lang='lat' dir='ltr'>Atellanie</span> <span class='ocrx_word' id='word_1_277' title='bbox 1310 2589 1402 2641; x_wconf 81' lang='lat' dir='ltr'>fere</span> <span class='ocrx_word' id='word_1_278' title='bbox 1448 2594 1575 2628; x_wconf 65' lang='grc' dir='ltr'>ΛΕΜ</span> <span class='ocrx_word' id='word_1_279' title='bbox 1621 2584 1834 2627; x_wconf 83' lang='lat' dir='ltr'>Atellane</span> <span class='ocrx_word' id='word_1_280' title='bbox 1880 2591 1913 2625; x_wconf 74' lang='lat' dir='ltr'><strong><em>V</em></strong></span> 
     </span>
     <span class='ocr_line' id='line_1_34' title="bbox 237 2643 1907 2702; baseline 0.001 -16"><span class='ocrx_word' id='word_1_281' title='bbox 237 2644 473 2687; x_wconf 89' lang='lat' dir='ltr'>Atellanio</span> <span class='ocrx_word' id='word_1_282' title='bbox 507 2653 550 2686; x_wconf 85' lang='grc' dir='ltr'><strong><em>Ρ</em></strong></span> <span class='ocrx_word' id='word_1_283' title='bbox 668 2650 691 2687; x_wconf 84' lang='lat'>2</span> <span class='ocrx_word' id='word_1_284' title='bbox 727 2645 909 2702; x_wconf 85' lang='lat' dir='ltr'>cuique]</span> <span class='ocrx_word' id='word_1_285' title='bbox 943 2660 1124 2700; x_wconf 87' lang='lat' dir='ltr'>quoque</span> <span class='ocrx_word' id='word_1_286' title='bbox 1159 2647 1264 2690; x_wconf 70' lang='lat' dir='ltr'>libri</span> <span class='ocrx_word' id='word_1_287' title='bbox 1294 2646 1404 2701; x_wconf 80' lang='lat' dir='ltr'>(add</span> <span class='ocrx_word' id='word_1_288' title='bbox 1437 2645 1514 2700; x_wconf 54' lang='grc' dir='ltr'>ΡΞ)</span> <span class='ocrx_word' id='word_1_289' title='bbox 1636 2650 1660 2686; x_wconf 84' lang='grc'>5</span> <span class='ocrx_word' id='word_1_290' title='bbox 1695 2643 1786 2687; x_wconf 87' lang='grc'><strong>3110</strong></span> <span class='ocrx_word' id='word_1_291' title='bbox 1820 2644 1907 2687; x_wconf 83' lang='lat' dir='ltr'>Re-</span> 
     </span>
     <span class='ocr_line' id='line_1_35' title="bbox 238 2703 1763 2762; baseline 0 -17"><span class='ocrx_word' id='word_1_292' title='bbox 238 2705 364 2760; x_wconf 80' lang='lat' dir='ltr'>9ius:</span> <span class='ocrx_word' id='word_1_293' title='bbox 397 2717 448 2745; x_wconf 92' lang='grc'>30</span> <span class='ocrx_word' id='word_1_294' title='bbox 631 2709 654 2746; x_wconf 84' lang='grc'>6</span> <span class='ocrx_word' id='word_1_295' title='bbox 689 2717 773 2760; x_wconf 90' lang='lat' dir='ltr'>ego</span> <span class='ocrx_word' id='word_1_296' title='bbox 806 2718 951 2759; x_wconf 87' lang='lat' dir='ltr'>coque</span> <span class='ocrx_word' id='word_1_297' title='bbox 984 2704 1046 2747; x_wconf 58' lang='grc' dir='ltr'>ΡΞ</span> <span class='ocrx_word' id='word_1_298' title='bbox 1225 2710 1248 2747; x_wconf 90' lang='grc'>9</span> <span class='ocrx_word' id='word_1_299' title='bbox 1281 2706 1471 2762; x_wconf 64' lang='lat' dir='ltr'>glossam</span> <span class='ocrx_word' id='word_1_300' title='bbox 1503 2704 1586 2747; x_wconf 81' lang='lat' dir='ltr'>secl</span> <span class='ocrx_word' id='word_1_301' title='bbox 1619 2703 1763 2746; x_wconf 84' lang='lat' dir='ltr'>Halm</span> 
     </span>
     <span class='ocr_line' id='line_1_36' title="bbox 239 2759 1908 2817; baseline -0.001 -13"><span class='ocrx_word' id='word_1_302' title='bbox 239 2768 290 2804; x_wconf 72' lang='lat'>:31</span> <span class='ocrx_word' id='word_1_303' title='bbox 326 2762 462 2816; x_wconf 89' lang='lat' dir='ltr'>quale</span> <span class='ocrx_word' id='word_1_304' title='bbox 493 2776 592 2805; x_wconf 82' lang='lat' dir='ltr'>corr</span> <span class='ocrx_word' id='word_1_305' title='bbox 625 2771 683 2805; x_wconf 87' lang='lat' dir='ltr'>P:</span> <span class='ocrx_word' id='word_1_306' title='bbox 726 2775 844 2817; x_wconf 87' lang='lat' dir='ltr'>quae</span> <span class='ocrx_word' id='word_1_307' title='bbox 876 2764 956 2806; x_wconf 85' lang='lat' dir='ltr'>rell</span> <span class='ocrx_word' id='word_1_308' title='bbox 1088 2768 1141 2806; x_wconf 79' lang='lat'>26</span> <span class='ocrx_word' id='word_1_309' title='bbox 1173 2765 1258 2808; x_wconf 77' lang='lat' dir='ltr'>secl</span> <span class='ocrx_word' id='word_1_310' title='bbox 1299 2765 1487 2808; x_wconf 83' lang='lat' dir='ltr'>Vollmer</span> <span class='ocrx_word' id='word_1_311' title='bbox 1621 2766 1675 2804; x_wconf 77' lang='lat'>28</span> <span class='ocrx_word' id='word_1_312' title='bbox 1707 2759 1908 2815; x_wconf 85' lang='lat' dir='ltr'>Augusti</span> 
     </span>
     <span class='ocr_line' id='line_1_37' title="bbox 240 2818 1909 2879; baseline -0.002 -15"><span class='ocrx_word' id='word_1_313' title='bbox 240 2822 430 2877; x_wconf 77' lang='lat' dir='ltr'>Reyius:</span> <span class='ocrx_word' id='word_1_314' title='bbox 471 2824 665 2876; x_wconf 86' lang='lat' dir='ltr'>auguste</span> <span class='ocrx_word' id='word_1_315' title='bbox 699 2829 749 2863; x_wconf 70' lang='grc'>,11</span> <span class='ocrx_word' id='word_1_316' title='bbox 778 2825 971 2878; x_wconf 87' lang='lat' dir='ltr'>anguste</span> <span class='ocrx_word' id='word_1_317' title='bbox 1010 2831 1124 2864; x_wconf 65' lang='lat' dir='ltr'>I&#39;GP</span> <span class='ocrx_word' id='word_1_318' title='bbox 1144 2825 1366 2879; x_wconf 87' lang='lat' dir='ltr'>angustae</span> <span class='ocrx_word' id='word_1_319' title='bbox 1391 2831 1427 2864; x_wconf 75' lang='lat' dir='ltr'><strong><em>A</em></strong></span> <span class='ocrx_word' id='word_1_320' title='bbox 1563 2825 1618 2862; x_wconf 90' lang='lat'>30</span> <span class='ocrx_word' id='word_1_321' title='bbox 1650 2818 1909 2863; x_wconf 85' lang='lat' dir='ltr'>heminaria</span> 
     </span>
     <span class='ocr_line' id='line_1_38' title="bbox 239 2879 766 2936; baseline -0.004 -12"><span class='ocrx_word' id='word_1_322' title='bbox 239 2881 430 2936; x_wconf 76' lang='lat' dir='ltr'>Reyius:</span> <span class='ocrx_word' id='word_1_323' title='bbox 460 2879 766 2923; x_wconf 88' lang='lat' dir='ltr'>heminariam</span> 
     </span>
    </p>
   </div>
   <div class='ocr_carea' id='block_1_5' title="bbox 1921 906 1964 938">
    <p class='ocr_par' dir='ltr' id='par_1_5' title="bbox 1921 906 1964 938">
     <span class='ocr_line' id='line_1_39' title="bbox 1921 906 1964 938; baseline -0.023 0"><span class='ocrx_word' id='word_1_324' title='bbox 1921 906 1964 938; x_wconf 92' lang='lat'>10</span> 
     </span>
    </p>
   </div>
   <div class='ocr_carea' id='block_1_6' title="bbox 1926 1272 1966 1304">
    <p class='ocr_par' dir='ltr' id='par_1_6' title="bbox 1926 1272 1966 1304">
     <span class='ocr_line' id='line_1_40' title="bbox 1926 1272 1966 1304; baseline 0 0"><span class='ocrx_word' id='word_1_325' title='bbox 1926 1272 1966 1304; x_wconf 87' lang='grc'>15</span> 
     </span>
    </p>
   </div>
   <div class='ocr_carea' id='block_1_7' title="bbox 1926 1638 1968 1670">
    <p class='ocr_par' dir='ltr' id='par_1_7' title="bbox 1926 1638 1968 1670">
     <span class='ocr_line' id='line_1_41' title="bbox 1926 1638 1968 1670; baseline 0.024 -1"><span class='ocrx_word' id='word_1_326' title='bbox 1926 1638 1968 1670; x_wconf 73' lang='grc'>20</span> 
     </span>
    </p>
   </div>
   <div class='ocr_carea' id='block_1_8' title="bbox 1928 2006 1970 2038">
    <p class='ocr_par' dir='ltr' id='par_1_8' title="bbox 1928 2006 1970 2038">
     <span class='ocr_line' id='line_1_42' title="bbox 1928 2006 1970 2038; baseline 0.024 -1"><span class='ocrx_word' id='word_1_327' title='bbox 1928 2006 1970 2038; x_wconf 81' lang='grc'>25</span> 
     </span>
    </p>
   </div>
   <div class='ocr_carea' id='block_1_9' title="bbox 1931 2373 1974 2404">
    <p class='ocr_par' dir='ltr' id='par_1_9' title="bbox 1931 2373 1974 2404">
     <span class='ocr_line' id='line_1_43' title="bbox 1931 2373 1974 2404; baseline -0.023 0"><span class='ocrx_word' id='word_1_328' title='bbox 1931 2373 1974 2404; x_wconf 88' lang='grc'>30</span> 
     </span>
    </p>
   </div>
  </div>
 </body>
</html>
