2012 3151
829 543 1187 602 Addenda.

298 682 350 724 In
383 683 702 726 conlocatione
733 683 975 726 verborum
1008 698 1100 726 non
1131 685 1305 739 ubique
1347 687 1561 728 constant
1598 685 1707 729 libri
1739 695 1775 728 A
1809 688 1856 729 et

180 748 225 783 B
254 743 349 797 (P),
383 755 475 796 qua
501 742 557 784 de
580 756 629 784 16
654 742 770 785 haec
795 743 1020 800 adiungo:
1056 749 1095 796 6,
1122 757 1164 786 14
1187 744 1337 786 adhuc
1362 744 1558 787 fortasse
1581 758 1715 788 nemo
1740 752 1860 796 ByP

181 826 236 830 —
277 803 317 854 9,
351 812 391 844 19
415 800 586 844 habere
629 801 897 858 pedagogos
943 809 1062 852 BqP
1112 829 1167 833 —
1218 807 1286 856 10,
1324 816 1363 845 21
1403 802 1484 845 1110
1531 803 1633 858 ipso
1679 811 1752 854 By
1798 830 1853 835 —

182 863 250 912 13,
284 871 324 901 22
357 860 510 914 parvis
552 860 755 915 cognitio
794 868 914 911 ByP
964 887 1020 892 —
1079 866 1145 915 14,
1187 873 1227 904 31
1269 862 1547 904 domesticus
1592 875 1690 904 esse
1729 870 1766 903 A
1798 889 1853 894 —

182 922 250 971 16,
277 931 319 960 14
350 932 566 961 numerus
592 918 870 962 adhibeatur
893 927 981 961 BP
1009 946 1064 950 —
1098 924 1167 974 37,
1195 934 1212 962 1
1237 934 1584 976 nonnumquam
1610 934 1637 963 a
1661 920 1795 963 nobis
1812 929 1859 963 B

180 1003 235 1007 ——
269 980 337 1030 37,
364 988 404 1019 29
436 977 632 1020 latinam
655 978 883 1020 rationem
907 986 1064 1020 BP—
1089 982 1158 1032 40,
1185 991 1225 1021 31
1251 979 1322 1021 1111
1347 982 1417 1022 est
1441 987 1530 1021 BP
1551 1006 1606 1011 —
1633 984 1702 1033 43,
1728 991 1769 1023 25
1795 979 1856 1022 si—

178 1034 312 1078 miles
345 1036 469 1090 quod
502 1038 702 1092 (quoque
728 1039 785 1092 Ρ)
816 1039 869 1080 ut
894 1037 1106 1080 dicebam
1130 1045 1218 1079 BP
1246 1065 1301 1069 —
1336 1043 1404 1092 45,
1430 1051 1472 1082 30
1495 1038 1643 1081 voluit
1666 1051 1855 1094 persua—

180 1094 287 1136 dere
321 1093 529 1137 Ciceroni
560 1104 597 1136 A
630 1122 684 1126 —
718 1100 788 1150 53,
821 1108 840 1138 3
872 1096 1016 1139 nolim
1049 1097 1097 1138 in
1129 1096 1410 1150 quibusdam
1441 1106 1477 1138 A
1510 1124 1565 1128 —
1599 1102 1669 1152 56,
1703 1110 1744 1140 16
1775 1111 1855 1141 ne-

179 1153 379 1195 cessaria
441 1153 651 1197 fecerunt
713 1153 876 1197 Graeci
937 1155 1086 1211 magis
1149 1155 1444 1211 grammatici
1499 1169 1689 1211 operum
1728 1164 1765 1197 A
1798 1182 1854 1187 —

179 1215 249 1265 59,
275 1223 294 1255 5
326 1214 506 1267 partem
539 1227 722 1269 quoque
754 1222 790 1254 A
846 1240 901 1244 —
958 1218 1026 1267 61,
1062 1226 1102 1257 1ο
1136 1216 1205 1257 est
1237 1214 1370 1257 nobis
1404 1223 1439 1255 A
1488 1241 1543 1245 —
1601 1218 1670 1268 63,
1701 1227 1724 1257 4
1754 1217 1856 1257 tota

179 1269 275 1313 fere
306 1278 396 1313 ΒΡ
424 1298 480 1303 -
515 1276 583 1324 69,
610 1285 651 1315 32
685 1272 809 1315 diem
841 1285 1066 1327 occupare
1099 1280 1188 1314 ΒΡ
1216 1299 1271 1303 —-
1314 1278 1381 1327 71,
1409 1286 1449 1316 16
1482 1272 1726 1316 altioribus
1759 1273 1855 1316 iam

178 1337 268 1371 ΒΡ
295 1355 349 1360 -—
385 1334 452 1382 72,
479 1343 520 1373 27
551 1330 787 1373 rhetorum
818 1332 1008 1386 propria
1039 1339 1128 1372 BP
1156 1358 1211 1362 —
1246 1336 1313 1385 79,
1340 1345 1381 1375 24
1412 1333 1561 1387 ipsum
1589 1334 1713 1375 totas
1737 1340 1774 1373 A
1799 1357 1856 1363 —
1881 1377 1885 1380 ζ

181 1392 249 1442 79,
275 1400 316 1432 29
349 1388 499 1432 adhuc
534 1403 637 1432 eum
669 1398 705 1431 A
753 1416 809 1421 —
857 1394 926 1441 80,
953 1403 993 1433 22
1026 1389 1114 1432 sibi
1146 1390 1214 1433 rei
1245 1399 1281 1432 A
1330 1417 1384 1422 —
1433 1396 1502 1445 87,
1529 1403 1548 1435 9
1578 1390 1857 1446 reprehendi

179 1447 374 1502 quisque
406 1456 441 1489 A
476 1475 531 1479 —
565 1453 633 1500 88,
661 1461 700 1491 17
732 1449 868 1491 modo
903 1449 1205 1492 concesserim
1237 1458 1271 1490 A
1305 1476 1361 1481 -
1396 1453 1466 1504 93,
1491 1462 1531 1493 17
1563 1450 1744 1492 ratione
1777 1449 1856 1492 de-

178 1506 415 1548 clamandi
448 1515 482 1547 A
519 1533 572 1538 —
608 1512 677 1560 95,
704 1520 745 1550 21
775 1508 1010 1563 pertineat
1041 1509 1225 1564 proprie
1258 1516 1347 1550 BP
1375 1535 1429 1539 —
1458 1514 1557 1561 102,
1584 1522 1601 1552 1
1635 1509 1730 1551 suis
1762 1509 1854 1551 uti-

179 1578 267 1620 que
299 1573 388 1607 BP
416 1592 471 1596 —-
507 1571 604 1620 104,
632 1579 672 1610 19
705 1566 793 1608 sibi
827 1569 933 1609 sunt
964 1566 1050 1609 visi
1076 1575 1110 1608 A
1145 1594 1199 1598 -—
1236 1572 1332 1617 108,
1360 1580 1400 1610 28
1431 1581 1580 1611 mores
1606 1567 1747 1610 etiam
1771 1575 1861 1609 BP

178 1650 234 1655 ——
263 1628 360 1678 109,
379 1636 398 1667 9
415 1625 508 1666 iam
524 1626 711 1680 utrique
735 1633 824 1668 BP
846 1653 900 1656 —
929 1631 1026 1678 111,
1056 1630 1077 1667 7
1104 1629 1259 1668 tamen
1274 1628 1344 1670 est
1368 1634 1456 1668 BP
1476 1653 1531 1658 —
1560 1631 1657 1680 119,
1682 1639 1701 1669 6
1720 1625 1856 1669 aliter

179 1683 276 1725 eius
308 1691 345 1724 A
378 1709 434 1715 —
470 1688 566 1738 120,
595 1697 612 1727 7
644 1685 790 1727 nostri
816 1684 965 1740 operis
990 1693 1079 1726 BP
1109 1712 1163 1716 —
1199 1689 1295 1739 120,
1331 1699 1372 1728 14
1405 1685 1587 1729 credam
1604 1687 1800 1728 naturae
1818 1693 1856 1726 A

178 1768 232 1773 —
269 1746 366 1796 121,
393 1755 434 1784 ‘28
466 1745 632 1786 natura
665 1746 735 1786 est
765 1743 838 1786 his
864 1743 1041 1786 artibus
1068 1752 1102 1784 A
1136 1770 1190 1775 —-
1226 1749 1323 1797 124,
1352 1757 1391 1787 16
1417 1745 1514 1787 eius
1539 1744 1747 1787 fabricae
1771 1752 1860 1786 BP

179 1827 233 1832 ——
269 1806 366 1854 125,
401 1814 440 1844 17
474 1802 662 1856 quidem
703 1802 791 1846 erit
822 1811 858 1844 A
908 1829 962 1833 —
1014 1807 1110 1854 125,
1145 1815 1185 1845 22
1218 1803 1498 1846 sententiam
1545 1803 1699 1846 dicere
1730 1811 1766 1844 A
1799 1829 1854 1834 —

179 1886 232 1890 ——
270 1864 366 1914 125,
400 1873 440 1903 27
490 1861 624 1904 credo
681 1875 815 1916 posse
869 1870 905 1902 A
960 1887 1015 1893 —
1062 1866 1159 1915 132,
1202 1876 1241 1905 11
1290 1862 1412 1905 enim
1460 1864 1641 1905 tantum
1683 1869 1772 1904 BP
1800 1888 1856 1893 —-

181 1923 278 1970 133,
305 1931 344 1962 17
379 1919 651 1963 elocutionis
686 1923 793 1962 sunt
826 1928 869 1962 P
908 1947 964 1951 —
1014 1925 1111 1975 137,
1138 1933 1178 1963 13
1210 1935 1302 1965 non
1334 1924 1387 1964 ut
1418 1929 1455 1962 A
1510 1948 1565 1952 —
1623 1925 1720 1975 147,
1746 1933 1765 1964 3
1799 1921 1855 1963 de

178 1991 270 2032 qua
303 1981 482 2021 constet
514 1981 560 2022 et
591 1979 639 2021 in
671 1992 766 2021 rem
800 1979 855 2022 de
882 1993 974 2034 qua
998 1993 1089 2022 non
1115 1981 1294 2022 constet
1325 1988 1361 2021 A
1395 2006 1450 2011 -
1485 1985 1582 2032 149,
1608 1992 1650 2023 28
1680 1979 1856 2022 furtum

177 2050 267 2078 non
302 2045 336 2078 A
372 2064 425 2068 —
462 2042 559 2090 161,
586 2050 626 2081 13
660 2053 816 2081 sumus
842 2044 946 2094 post
976 2038 1189 2081 meliores
1223 2047 1256 2079 A
1300 2065 1354 2069 —-
1390 2043 1487 2092 164,
1520 2052 1539 2082 3
1572 2051 1729 2082 omnes
1761 2040 1855 2080 tres

181 2098 329 2138 status
365 2104 450 2137 BP
488 2123 542 2127 —
593 2102 690 2150 174,
725 2110 764 2140 16
798 2097 960 2153 populi
995 2101 1179 2140 senatus
1211 2105 1300 2139 BP
1335 2124 1390 2128 —
1442 2103 1538 2150 175,
1566 2110 1606 2140 10
1630 2096 1855 2141 materiae

177 2167 344 2209 genere
370 2163 402 2195 A
432 2182 485 2186 —-
516 2160 612 2207 179,
641 2169 680 2199 13
705 2156 851 2211 igitur
873 2156 994 2199 hanc
1020 2165 1053 2197 A
1081 2183 1135 2187 —
1165 2161 1261 2204 180,
1287 2169 1305 2200 6
1330 2156 1431 2200 1000
1457 2172 1516 2199 an
1541 2156 1622 2200 illo
1647 2159 1855 2211 tempore

180 2221 211 2254 A
247 2240 300 2244 —
337 2218 433 2267 186,
461 2227 477 2256 7
511 2214 700 2258 aliunde
732 2216 825 2257 iam
857 2223 946 2257 BP
974 2242 1029 2246 —
1065 2219 1161 2267 190,
1189 2228 1229 2258 26
1262 2216 1444 2258 actione
1478 2217 1721 2258 accusator
1744 2223 1854 2256 A—

180 2276 277 2326 192,
311 2285 354 2315 25
386 2273 478 2328 ipsi
512 2274 600 2316 sibi
635 2282 677 2315 P
714 2301 768 2304 —
814 2279 910 2327 196,
937 2287 978 2317 31
1010 2274 1140 2316 illam
1173 2276 1322 2317 totam
1353 2282 1442 2317 BP
1470 2301 1524 2306 —
1559 2278 1658 2328 200,
1684 2286 1724 2316 10
1758 2287 1855 2316 cor-

177 2332 301 2385 poris
343 2331 509 2374 habitu
541 2341 576 2373 A
626 2359 681 2364 —
732 2337 830 2387 200,
857 2346 898 2376 12
939 2335 1045 2376 ante
1087 2336 1168 2375 aut
1199 2341 1244 2375 B
1284 2359 1339 2364 ——
1381 2338 1479 2387 200,
1513 2346 1553 2376 26
1594 2333 1650 2376 de
1681 2332 1855 2387 templo

177 2391 424 2445 pecuniam
456 2399 492 2432 A
534 2417 588 2422 —
631 2396 729 2445 202,
770 2404 811 2435 29
845 2405 943 2434 esse
984 2405 1317 2447 supervacuam
1359 2400 1395 2433 A
1444 2418 1498 2423 —
1547 2395 1644 2444 203,
1686 2405 1726 2434 11
1767 2391 1855 2434 erit

178 2448 335 2505 figuris
367 2457 403 2490 A
430 2476 484 2480 —
512 2454 610 2504 204,
637 2463 677 2494 19
709 2451 943 2506 prooemio
971 2451 1175 2493 narratio
1201 2459 1236 2492 A
1265 2477 1316 2481 —
1344 2456 1442 2503 205,
1469 2463 1510 2494 30
1543 2451 1699 2493 omnia
1724 2463 1856 2505 opor-

176 2510 245 2549 tet
276 2516 312 2549 A
345 2534 400 2539 —-
434 2513 532 2559 206,
559 2521 600 2552 18
632 2509 774 2552 fuisse
807 2510 1010 2552 dicturos
1043 2518 1078 2551 A
1111 2536 1167 2541 —
1201 2514 1300 2563 207,
1327 2522 1343 2551 7
1376 2509 1519 2552 filium
1547 2508 1712 2551 sustuli
1736 2517 1773 2550 A
1798 2535 1854 2540 —

179 2570 276 2618 207,
303 2578 344 2609 29
370 2567 521 2622 accipi
539 2568 687 2610 solum
705 2577 740 2609 A
774 2595 829 2600 -—-
856 2573 953 2622 209,
982 2581 998 2611 7
1023 2568 1142 2611 bene
1159 2569 1315 2623 priora
1330 2576 1420 2610 BP
1441 2594 1494 2599 -—-
1521 2572 1620 2622 209,
1647 2581 1683 2611 11
1712 2567 1855 2611 etiam

176 2627 334 2667 tamen
365 2633 454 2667 BP
483 2653 538 2657 —
572 2631 671 2680 209,
698 2640 738 2670 23
772 2627 960 2681 quidem
992 2627 1269 2671 utilissimae
1302 2629 1410 2669 sunt
1440 2627 1712 2682 praedicata
1735 2635 1771 2668 A
1798 2652 1854 2658 -

178 2688 276 2735 212,
303 2696 343 2726 27
376 2684 592 2728 habuisse
625 2700 731 2729 eum
763 2695 797 2727 A
831 2713 886 2717 —
929 2692 1026 2739 213,
1061 2698 1101 2729 26
1132 2686 1247 2729 haec
1289 2686 1515 2741 expositio
1555 2685 1739 2741 longior
1777 2684 1855 2727 de-

176 2757 301 2784 mum
335 2743 504 2787 debeat
535 2758 633 2787 esse
664 2753 700 2786 A
734 2771 789 2776 —-
823 2750 921 2798 215,
947 2758 967 2788 8
1000 2759 1027 2788 a
1057 2759 1129 2787 me
1161 2746 1404 2800 ponendae
1436 2753 1472 2785 A
1506 2772 1560 2776 -—
1594 2749 1693 2798 216,
1719 2757 1761 2787 24
1784 2746 1855 2786 ter

176 2802 470 2845 innocentem
502 2811 538 2843 A
582 2830 637 2834 —
683 2809 782 2857 217,
816 2817 856 2847 16
891 2803 1160 2847 condicione
1193 2817 1359 2847 causae
1392 2812 1428 2845 A
1473 2830 1528 2834 —
1573 2807 1671 2857 219,
1698 2814 1739 2846 25
1763 2803 1854 2845 Ro-

176 2873 365 2902 manum
398 2873 497 2903 esse
530 2875 576 2904 se
603 2871 637 2903 A
672 2889 726 2894 ——
760 2867 859 2916 220,
883 2876 906 2906 4
931 2863 1074 2905 animi
1098 2863 1309 2905 habitum
1334 2871 1370 2904 A
1408 2889 1462 2894 ——
1512 2866 1609 2916 221,
1636 2875 1677 2905 12
1702 2861 1855 2904 dicam
