2055 3130
761 99 765 102 Α
796 63 872 107 111.
906 68 946 116 5,
980 67 1137 106 5—15.
1713 64 1816 115 139

131 205 334 264 positas,
383 207 441 250 ut
486 218 634 250 causa
683 204 761 263 sit,
814 219 926 250 cum
977 200 1172 250 Orestes
1224 206 1497 262 accusatur,
1546 203 1713 260 thesis,
1755 219 1819 249 an

133 277 330 326 Orestes
384 280 516 325 recte
568 278 633 324 sit
685 276 959 323 absolutus:
1016 277 1152 324 cuius
1200 277 1391 338 generis
1444 279 1518 323 est
1571 273 1653 323 ‘an
1694 275 1816 323 Cato

131 354 263 399 recte
295 352 535 398 Marciam
565 350 830 397 Hortensio
862 346 1157 397 tradiderit'.
1197 350 1249 396 hi
1288 350 1453 397 thesin
1494 365 1522 396 a
1563 365 1709 397 causa
1750 351 1817 397 sic

135 425 461 488 distinguunt,
484 427 541 472 ut
564 425 655 471 illa
686 424 751 471 sit
777 423 1079 484 spectativae
1103 425 1276 485 partis,
1307 424 1430 470 haec
1463 425 1676 471 activae:
1715 424 1819 470 illic

89 517 108 548 5
134 501 265 546 enim
303 499 530 546 veritatis
570 501 769 545 tantum
807 499 969 560 gratia
1010 498 1270 559 disputari,
1308 498 1389 544 hic
1428 499 1682 561 negotium
1724 498 1818 560 agi.

247 572 557 633 Quamquam
594 572 795 619 inutiles
838 572 1040 632 quidam
1082 574 1270 619 oratori
1299 574 1482 632 putant
1514 572 1817 619 universales
1844 570 1905 613 1¹?-

134 648 458 707 quaestiones,
500 647 618 707 quia
656 646 783 692 nihil
814 647 986 706 prosit,
1027 646 1158 707 quod
1192 649 1384 693 constet
1416 646 1690 693 ducendam
1715 661 1817 694 esse

131 736 333 767 uxorem
371 721 451 768 vel
507 719 951 767 administrandam
1000 736 1105 766 rem
1158 720 1425 780 publicam,
1478 722 1520 766 si
1575 721 1684 781 quis
1739 721 1820 766 vel

134 796 295 841 aetate
335 794 414 842 vel
452 794 738 841 valetudine
787 794 1102 854 impediatur.
1158 794 1241 841 sed
1292 810 1390 841 non
1443 794 1668 841 omnibus
1717 795 1819 841 eius

64 887 106 918 1ο
131 869 266 915 modi
306 868 675 929 quaestionibus
715 868 785 915 sic
817 868 1006 915 occurri
1029 872 1207 929 potest,
1247 875 1302 915 ut
1339 868 1440 916 illis
1483 865 1630 916 ‘sitne
1662 868 1820 915 virtus

130 942 256 1002 finis,
302 945 564 1005 regaturne
604 942 917 1004 providentia
966 938 1212 989 mundus'.
1270 944 1388 1003 quin
1437 944 1590 989 etiam
1637 944 1691 989 in
1743 944 1822 1002 iis,
1848 941 1909 983 13

133 1032 257 1077 quae
299 1017 361 1064 ad
399 1032 661 1078 personam
698 1017 993 1075 referuntur,
1032 1020 1087 1063 ut
1127 1032 1227 1063 non
1267 1019 1342 1064 est
1380 1018 1501 1064 Satis
1543 1017 1822 1080 generalem

130 1094 370 1139 tractasse
412 1092 767 1152 quaestionem,
817 1092 891 1137 ita
930 1091 1180 1151 perveniri
1220 1091 1282 1138 ad
1326 1093 1538 1152 speciem
1588 1092 1686 1139 nisi
1731 1091 1822 1138 illa

130 1167 270 1226 prius
313 1180 514 1212 excussa
553 1181 652 1212 non
690 1168 867 1226 potest.
920 1181 1036 1211 nam
1085 1181 1180 1225 quo
1228 1165 1373 1212 modo
1424 1161 1505 1211 ‘an
1560 1165 1655 1213 sibi
1701 1181 1823 1212 uxor

65 1257 106 1289 15
133 1239 352 1287 ducenda
392 1235 474 1287 sit'
518 1239 811 1286 deliberabit
853 1238 990 1298 Cato,
1030 1239 1127 1287 nisi
1168 1239 1445 1287 constiterit
1493 1255 1667 1287 uxores
1719 1255 1823 1287 esse

133 1311 418 1361 ducendas‘.>
459 1316 507 1360 et
547 1329 643 1374 quo
669 1313 814 1360 modo
849 1309 932 1359 ‘an
965 1313 1140 1361 ducere
1173 1313 1350 1361 debeat
1381 1310 1637 1361 Marciam'
1676 1329 1822 1374 quae-

131 1390 283 1447 retur,
323 1387 421 1435 nisi
462 1387 638 1435 Catoni
679 1387 901 1435 ducenda
939 1404 1063 1435 uxor
1103 1386 1210 1434 est‘?
1251 1392 1366 1435 sunt
1397 1391 1565 1435 tamen
1596 1388 1824 1448 inscripti
1850 1384 1911 1428 14

132 1463 330 1509 nomine
368 1461 705 1524 Hermagorae
743 1462 873 1521 libri,
915 1463 1001 1523 qui
1032 1462 1321 1509 confirment
1351 1462 1493 1509 illam
1525 1462 1823 1523 opinionem,

134 1537 236 1583 sive
285 1537 439 1583 falsus
491 1540 565 1583 est
621 1536 798 1584 titulus
855 1536 957 1583 sive
1009 1537 1137 1583 alius
1196 1536 1276 1584 hic
1325 1536 1659 1599 Hermagoras
1711 1537 1822 1583 fuit.

67 1628 108 1659 ρο
132 1626 250 1657 nam
290 1611 510 1658 eiusdem
550 1626 652 1658 esse
705 1627 800 1672 quo
851 1610 998 1658 modo
1050 1614 1271 1671 possunt,
1325 1612 1410 1671 qui
1462 1610 1518 1656 de
1569 1611 1662 1658 hac
1718 1620 1823 1658 arte

133 1684 431 1732 mirabiliter
453 1685 613 1731 multa
639 1685 928 1745 composuit,
963 1701 1090 1743 cum,
1116 1686 1242 1731 sicut
1269 1701 1325 1732 ex
1351 1684 1600 1732 Ciceronis
1628 1701 1822 1746 quoque

131 1759 376 1806 rhetorico
425 1760 587 1820 primo
638 1759 958 1806 manifestum
998 1760 1093 1817 est,
1143 1760 1406 1806 materiam
1455 1759 1721 1807 rhetorices
1771 1761 1825 1806 in

131 1833 286 1881 thesis
337 1836 387 1880 et
438 1848 612 1880 causas
664 1832 924 1881 diviserit?
988 1833 1119 1894 quod
1173 1833 1487 1895 reprehendit
1544 1833 1711 1881 Cicero
1768 1849 1825 1880 ac

132 1908 297 1955 thesin
335 1907 460 1954 nihil
500 1908 564 1954 ad
595 1911 844 1955 oratorem
873 1908 1121 1968 pertinere
1154 1907 1407 1955 contendit
1444 1910 1707 1969 totumque
1731 1908 1824 1954 hoc

67 1999 109 2030 25
134 1997 287 2045 genus
328 1981 630 2043 quaestionis
671 1982 734 2029 ad
772 1981 1092 2043 philosophos
1131 1982 1296 2028 refert.
1351 1981 1437 2029 sed
1474 1999 1551 2029 me
1591 1981 1825 2029 liberavit
1851 1979 1912 2022 15

132 2056 460 2117 respondendi
498 2056 808 2115 verecundia,
849 2059 898 2103 et
938 2056 1070 2117 quod
1108 2058 1216 2118 ipse
1253 2057 1342 2104 hos
1375 2056 1528 2104 libros
1560 2056 1824 2118 improbat,

135 2134 185 2176 et
224 2130 356 2191 quod
393 2131 447 2176 in
488 2128 695 2177 Oratore
728 2133 878 2191 atque
902 2131 994 2190 his,
1035 2146 1156 2191 quos
1190 2131 1247 2177 de
1282 2129 1488 2178 Oratore
1522 2131 1734 2191 scripsit,
1777 2135 1827 2177 et

135 2204 333 2266 Topicis
373 2204 630 2266 praecipit,
670 2207 726 2251 ut
766 2220 794 2251 3
835 2205 1050 2266 propriis
1082 2206 1305 2265 personis
1339 2208 1488 2267 atque
1521 2205 1825 2266 temporibus

135 2294 394 2326 avocemus
457 2279 858 2338 controversiam,
922 2275 1058 2340 ‘quia
1119 2279 1272 2326 latius
1336 2279 1496 2327 dicere
1555 2280 1705 2326 liceat
1767 2279 1826 2326 de

66 2370 109 2402 30
134 2369 310 2415 genere
388 2369 540 2414 quam
617 2353 675 2400 de
753 2354 927 2414 specie,
1006 2356 1055 2400 et
1118 2353 1248 2414 quod
1309 2353 1362 2401 in
1423 2355 1653 2401 universo
1715 2370 1826 2415 pro-

254 2514 308 2551 21
342 2509 408 2552 De
441 2509 530 2551 inV.
560 2516 598 2561 1,
634 2514 658 2552 6
692 2536 748 2541 -
783 2514 837 2552 27
872 2509 996 2553 Orat.
1016 2515 1085 2562 14,
1114 2515 1190 2553 45:
1224 2510 1291 2552 De
1311 2512 1426 2553 orat.
1454 2514 1493 2565 3,
1521 2514 1596 2553 30:
1631 2510 1742 2566 Top.
1772 2516 1825 2552 21

135 2595 191 2601 —
226 2573 280 2612 29
316 2568 442 2612 Orat.
478 2574 546 2622 14,
580 2574 635 2611 45

257 2707 282 2745 6
315 2702 489 2745 oratori
521 2710 584 2745 P:
636 2702 837 2745 orationi
867 2710 953 2744 AB
1087 2707 1110 2744 9
1145 2703 1244 2745 eius
1283 2702 1412 2746 modi
1443 2711 1501 2746 A:
1543 2702 1752 2746 eiusdem
1784 2710 1830 2744 B

137 2761 314 2803 eisdem
345 2770 390 2803 P
418 2762 516 2805 eius
549 2761 733 2818 generis
765 2762 905 2805 Sudh.
1017 2767 1071 2805 12
1104 2761 1314 2806 referunt
1344 2770 1390 2804 B
1509 2767 1563 2805 17
1598 2761 1761 2817 scripti
1789 2769 1826 2802 A

259 2824 313 2863 18
346 2821 622 2864 confirmant
667 2830 706 2863 Α
859 2826 911 2864 19
957 2821 1033 2864 hic
1075 2835 1145 2865 om
1191 2822 1253 2863 Al
1389 2826 1444 2864 26
1488 2821 1824 2878 respondendi]

137 2879 509 2935 reprehendendi
540 2888 585 2922 P
