2055 3130
547 57 622 100 VI.
656 56 919 101 PROOEM.
955 61 1141 100 13—16.
1177 62 1216 110 1,
1253 62 1379 101 1—7.
1694 59 1798 111 311

121 197 417 246 currendum
454 213 543 259 per
582 197 761 258 capita.
808 213 923 243 nam
963 198 1005 245 si
1043 197 1359 256 morabimur,
1404 213 1502 244 non
1541 200 1642 244 iam
1689 215 1802 246 enu-

120 273 346 331 meratio,
385 270 468 319 sed
508 272 650 331 quasi
688 271 846 317 altera
885 269 968 317 fiet
1008 270 1180 317 oratio.
1224 285 1348 331 quae
1390 273 1558 318 autem
1606 288 1799 319 enume-

120 346 278 393 randa
316 345 560 404 videntur,
600 360 710 391 cum
748 343 961 405 pondere
1002 344 1169 404 aliquo
1210 343 1415 392 dicenda
1447 348 1560 392 sunt
1594 349 1641 392 et
1674 348 1802 406 aptis

123 419 380 465 excitanda
435 418 689 466 sententiis
745 419 795 464 et
845 417 1017 480 figuris
1067 419 1239 479 utique
1294 418 1558 465 varianda:
1615 419 1802 479 alioqui

76 509 94 541 5
120 492 242 539 nihil
283 495 356 540 est
381 491 595 539 odiosius
633 494 768 538 recta
805 491 896 538 illa
932 492 1224 552 repetitione
1257 492 1393 539 velut
1423 494 1688 540 memoriae
1728 495 1802 539 iu-

117 567 282 622 ‚dicum
322 565 581 612 diffidenti.
621 568 736 612 sunt
769 567 932 612 autem
963 565 1344 613 innumerabiles
1369 562 1639 628 (species),
1672 567 1797 628 opti·
1831 567 1862 611 3
1895 603 1898 606 Α

118 655 293 700 meque
339 641 393 686 in
431 640 635 687 Verrem
676 638 865 686 Cicero:
907 635 970 686 esi
1022 642 1165 700 pater
1213 641 1319 701 ipse
1373 640 1630 700 iudicaret,
1683 640 1803 701 quid

118 713 314 773 diceret,
343 729 454 761 cum
479 714 599 760 haec
622 708 1002 774 probarentur?’
1044 716 1094 760 et
1117 713 1292 760 deinde
1317 713 1525 761 subiecit
1550 731 1801 761 enumera-

117 789 324 847 tionem,
374 790 460 835 aut
501 803 610 834 cum
648 787 778 834 idem
828 789 877 833 et
930 787 980 833 in
1038 787 1243 835 eundem
1297 804 1385 848 per
1437 788 1801 836 invocationem

53 879 95 910 10
121 861 323 908 deorum
376 862 591 923 spoliata
639 877 667 907 a
712 864 937 922 praetore
992 862 1180 922 templa
1234 861 1525 909 dinumerat.
1582 863 1699 910 licet
1753 865 1803 910 et

119 935 359 995 dubitare,
406 952 525 981 num
565 934 683 995 quid
728 950 816 982 nos
856 935 1061 998 fugerit,
1111 938 1159 982 et
1208 936 1326 996 quid
1373 937 1654 996 responsuri
1702 938 1803 984 sint

117 1009 390 1056 adversarii
434 1009 510 1056 his
559 1012 606 1056 et
659 1009 750 1068 his,
799 1013 886 1056 aut
932 1025 1080 1070 quam
1135 1025 1271 1070 spem
1320 1013 1576 1057 accusator
1621 1010 1803 1058 habeat

117 1083 342 1131 omnibus
382 1083 455 1129 ita
495 1083 719 1130 defensis.
760 1083 848 1129 illa
888 1099 1002 1130 vero
1042 1083 1410 1143 iucundissima,
1459 1085 1501 1131 si
1542 1086 1797 1148 contingat
1830 1084 1860 1128 4

117 1157 322 1218 aliquod
369 1173 426 1204 ex
467 1157 747 1204 adversario
800 1157 975 1204 ducere
1029 1160 1387 1220 argumentum,
1442 1161 1499 1205 ut
1546 1159 1587 1205 31
1641 1159 1798 1206 dicas:

51 1249 92 1279 15
117 1226 345 1292 ereliquit
381 1232 509 1278 hanc
548 1235 740 1293 partem
781 1227 989 1291 causae’,
1043 1234 1129 1278 aut
1179 1228 1387 1278 ‘invidia
1431 1249 1652 1293 premere
1699 1249 1800 1280 ma-

115 1302 245 1364 luit',
287 1308 373 1352 aut
415 1302 497 1352 ‘ad
535 1321 700 1366 preces
742 1306 964 1369 confugit
1002 1305 1193 1365 merito,
1242 1321 1351 1352 cum
1391 1306 1537 1353 sciret
1584 1307 1703 1354 haec
1753 1311 1801 1354 et

115 1375 271 1427 haec'.
312 1379 396 1426 sed
435 1396 533 1426 non
567 1383 681 1426 sunt
713 1380 935 1442 singulae
970 1382 1154 1441 species
1179 1380 1560 1441 persequendae,
1599 1396 1662 1429 ne
1693 1381 1798 1428 sola
1831 1381 1859 1425 ὃ

115 1454 394 1513 videantur,
436 1470 559 1514 quae
600 1454 726 1500 forte
767 1469 896 1501 nunc
936 1454 1116 1514 dixero,
1170 1470 1280 1501 cum
1321 1456 1598 1503 occasiones
1648 1458 1697 1503 et
1743 1471 1801 1502 ex

117 1530 276 1576 causis
319 1530 367 1575 et
408 1544 464 1574 ex
505 1528 648 1575 dictis
683 1528 1075 1575 adversariorum
1103 1532 1152 1575 et
1177 1545 1234 1575 ex
1260 1529 1553 1590 quibusdam
1578 1530 1799 1576 fortuitis

49 1618 91 1649 20
117 1617 310 1663 quoque
351 1604 585 1649 oriantur.
637 1618 723 1649 nec
763 1602 1017 1649 referenda
1064 1603 1209 1650 modo
1261 1606 1444 1664 nostra,
1495 1603 1580 1650 sed
1630 1607 1798 1664 postu-

114 1676 318 1722 landum
358 1678 509 1723 etiam
549 1676 609 1723 ab
651 1677 959 1736 adversariis,
1000 1678 1056 1723 ut
1089 1677 1151 1723 ad
1183 1677 1424 1738 quaedam
1456 1677 1800 1739 respondeant.

113 1749 166 1797 id
206 1753 384 1810 autem,
437 1751 476 1797 si
518 1754 564 1797 et
606 1752 790 1798 actioni
829 1752 1071 1812 supererit
1110 1752 1244 1799 locus
1286 1754 1334 1797 et
1382 1768 1439 1799 ea
1485 1754 1795 1813 proposueri-
1830 1751 1860 1794 6

114 1840 238 1887 mus,
280 1841 404 1886 quae
444 1825 606 1872 refelli
643 1841 742 1872 non
781 1826 991 1888 possint,
1040 1841 1157 1872 nam
1195 1841 1463 1887 provocare
1512 1841 1640 1887 quae
1685 1826 1798 1873 inde

115 1900 215 1945 sint
252 1898 417 1958 fortia,
457 1915 554 1945 non
594 1901 845 1962 arguentis
886 1901 974 1959 est,
1014 1899 1098 1946 sed
1130 1899 1388 1947 monentis.
1428 1900 1480 1946 id
1512 1917 1664 1946 unum
1697 1902 1796 1962 epi-
1833 1900 1856 1943 'a'

48 1989 89 2020 25
114 1972 220 2034 logi
259 1988 410 2035 genus
449 1974 610 2019 visum
651 1976 724 2020 est
763 1974 1011 2034 plerisque
1059 1975 1340 2021 Atticorum
1389 1976 1438 2021 et
1490 1975 1797 2036 philosophis

115 2047 216 2094 fere
257 2047 496 2106 omnibus,
538 2049 623 2108 qui
662 2048 719 2094 de
761 2051 865 2094 arte
907 2049 1124 2094 oratoria
1164 2049 1402 2109 scriptum
1451 2048 1641 2109 aliquid
1687 2049 1798 2095 reli-

115 2124 344 2181 querunt.
384 2121 436 2167 id
476 2122 683 2169 sensisse
722 2122 914 2169 Atticos
956 2122 1112 2181 credo,
1164 2122 1281 2183 quia
1319 2122 1528 2170 Athenis
1577 2123 1798 2170 adfectus

114 2211 310 2242 movere
351 2196 500 2242 etiam
540 2212 629 2257 per
674 2211 963 2257 praeconem
1011 2196 1366 2257 prohibebatur
1411 2199 1590 2244 orator.
1639 2197 1798 2258 philo-

117 2269 295 2330 sophos
334 2271 496 2316 minus
537 2271 702 2330 miror,
742 2269 875 2331 apud
914 2286 1034 2331 quos
1074 2272 1190 2318 vitii
1235 2270 1342 2318 loco
1385 2274 1459 2318 est
1498 2271 1662 2331 adfici,
1710 2287 1797 2318 nec

47 2360 90 2391 30
115 2343 233 2390 boni
270 2344 420 2391 moris
460 2344 676 2405 videtur,
725 2345 793 2391 sic
842 2361 871 2392 a
908 2361 1024 2392 vero
1071 2344 1284 2392 iudicem
1331 2346 1511 2404 averti,
1558 2361 1646 2393 nec
1686 2360 1797 2392 con-

234 2535 255 2572 7
292 2536 333 2584 5,
368 2535 438 2584 52,
475 2535 558 2574 136
594 2557 646 2562 —
683 2536 706 2573 9
740 2530 802 2573 ib.
839 2535 891 2574 72

132 2730 137 2731 γ
235 2699 258 2736 6
296 2693 528 2737 diffidenti
562 2696 755 2752 Reyius:
800 2695 1055 2737 diffidentis
1096 2697 1100 2750 l
1142 2695 1318 2750 species
1351 2696 1445 2739 add
1477 2697 1620 2739 Halm

114 2757 140 2795 8
173 2752 345 2795 subicit
378 2755 566 2797 Meister
686 2759 739 2796 11
772 2768 1074 2810 responsurus
1105 2762 1190 2806 9JI
1213 2758 1218 2809 ἶ
1255 2754 1315 2797 sit
1348 2755 1637 2798 adversarius
1669 2764 1801 2798 ΛΟΜ

237 2816 290 2854 18
323 2813 588 2856 occasiones
629 2815 682 2856 ecl
725 2814 887 2869 Camp:
934 2814 1255 2857 accusationes
1445 2819 1498 2856 22
1541 2814 1583 2857 ei
1623 2815 1797 2857 actioni

114 2872 280 2915 Halm:
313 2872 359 2914 ct
391 2872 588 2915 actionis
711 2876 765 2914 30
797 2873 938 2916 moris
962 2873 1146 2916 videtur
1165 2874 1375 2917 Blez'ster:
1406 2887 1554 2917 mores
1580 2873 1796 2920 videntur
