2055 3130
267 71 376 124 ,⁶274
761 70 1135 123 QVINTILIANI
1164 70 1313 114 INST.
1348 71 1441 114 ΟΒ.

379 208 556 257 01111113
594 210 747 273 igitur
793 226 849 256 ex
894 210 985 257 1100
1032 227 1203 274 genere
1251 213 1448 270 sumpta
1493 224 1686 257 necesse
1732 213 1804 257 est
1851 212 1938 257 aut

269 284 453 331 similia
492 297 594 330 esse
635 287 722 329 aut
761 283 1020 330 dissimilia
1069 287 1153 331 aut
1208 285 1467 331 contraria.
1531 283 1802 330 similitudo
1854 283 1934 330 ad·

269 357 478 405 sumitur
515 357 713 402 interim
754 359 802 403 et
849 356 910 402 ad
958 357 1192 405 orationis
1240 360 1479 404 ornatum.
1535 355 1618 403 sed
1670 356 1773 415 1113,
1827 371 1937 403 011111

269 445 346 477 res
388 429 568 491 exiget:
607 444 735 475 nunc
777 445 846 487 ea,
887 446 1009 491 quae
1043 430 1104 476 ad
1135 430 1475 490 probationem
1505 431 1767 490 pertinent,
1806 444 1935 476 exse·
2054 479 2055 482 Ἴ

211 504 240 547 6
276 519 412 563 quar.
452 503 851 562 potentissimum
890 505 1055 550 autem
1096 506 1168 550 est
1205 505 1334 550 inter
1373 519 1442 562 ea,
1484 517 1607 562 quae
1647 505 1760 549 sunt
1789 502 1936 550 huius
1983 518 2004 550 5
2054 516 2055 557 J

269 577 473 638 generis,
508 575 635 635 quod
668 578 863 636 proprie
895 591 1125 623 vocamus
1159 576 1446 637 exemplum,
1483 575 1536 621 id
1567 577 1640 622 est
1669 577 1742 621 rei
1772 578 1938 637 gestae

270 651 358 695 aut
395 651 452 695 ut
491 651 656 710 gestae
696 649 834 696 utilis
876 650 936 696 ad
968 649 1357 711 persuadendum
1390 649 1457 708 id,
1497 649 1626 709 quod
1657 648 1938 707 intenderis,

269 721 680 769 commemoratio.
721 721 1009 769 intuendum
1047 725 1202 785 igitur
1241 726 1328 782 est,
1374 725 1532 769 totum
1573 722 1731 768 81111110
1772 723 1837 768 Sit
1876 737 1938 768 an

270 812 325 841 ex
365 798 519 856 parte,
570 799 625 841 ut
665 798 748 841 aut
790 798 955 842 omnia
995 812 1050 842 ex
1091 812 1146 843 eo
1194 811 1441 844 sumamus
1489 797 1575 841 aut
1624 811 1747 855 quae
1794 795 1939 841 utilia

269 871 423 915 erunt.
451 869 609 916 simile
635 876 726 915 est:
761 864 886 916 ‘iure
912 870 1096 917 occisus
1123 873 1195 917 est
1221 869 1514 916 Saturninus
1538 870 1665 915 sicut
1696 864 1936 915 Gracchi'.
1963 884 2006 916 10

214 943 235 986 7
271 942 528 989 dissimile:
582 938 782 990 ‘Brutus
831 943 1009 989 occidit
1063 943 1240 990 liberos
1295 943 1621 1003 proditionem
1676 941 1938 1001 molientis,
2054 936 2055 939 ¹

269 1015 484 1062 Manlius
526 1017 756 1062 virtutem
796 1016 888 1062 filii
926 1020 1081 1063 morte
1122 1013 1386 1063 multavit'.
1428 1016 1750 1063 contrarium:
1792 1010 1938 1061 ‘Mar-

269 1089 418 1136 cellus
470 1092 755 1136 ornamenta
811 1089 1132 1151 Syracusanis
1186 1086 1408 1137 hostibus
1469 1090 1702 1148 restituit,
1763 1088 1939 1135 Verres
2053 1141 2055 1146 ¹

269 1161 434 1209 eadem
476 1164 619 1210 800118
676 1158 914 1210 abstulit'.
967 1167 1014 1210 et
1066 1163 1428 1224 probandorum
1482 1164 1531 1209 et
1585 1161 1939 1223 culpandorum
2040 1177 2048 1258 Ι

209 1236 237 1280 S
271 1252 326 1282 ex
365 1237 427 1282 iis
460 1235 764 1283 confirmatio
798 1237 990 1283 eosdem
1023 1237 1203 1298 gradus
1235 1236 1394 1283 habet.
1437 1237 1585 1282 etiam
1617 1238 1668 1282 in
1699 1235 1775 1294 iis,
1816 1250 1938 1295 quae
1965 1250 2006 1282 15
2042 1230 2055 1308 5³

271 1310 443 1355 futura
482 1309 709 1369 dicemus,
750 1310 888 1357 utilis
930 1310 1164 1356 similium
1204 1310 1474 1357 admonitio
1515 1313 1602 1368 est,
1653 1310 1709 1355 ut
1748 1309 1791 1355 si
1830 1310 1938 1369 quis
2042 1347 2047 1375 ,

270 1383 448 1441 dicens,
488 1382 782 1443 Dionysium
821 1383 1001 1430 idcirco
1041 1387 1207 1444 petere
1248 1383 1470 1431 custodes
1511 1383 1684 1429 salutis
1718 1397 1846 1441 suae,
1885 1385 1941 1428 ut
2041 1377 2047 1435 Ι

271 1471 435 1503 eorum
500 1455 694 1503 adiutus
758 1459 905 1503 armis
966 1457 1279 1518 tyrannidem
1334 1460 1556 1517 occupet,
1618 1457 1708 1502 hoc
1761 1455 1942 1502 referat
2041 1440 2047 1512 ἶ

270 1529 555 1589 exemplum,
612 1530 778 1576 eadem
832 1532 1021 1577 ratione
1077 1530 1389 1578 Pisistratum
1445 1530 1506 1576 ad
1557 1530 1939 1576 dominationem

269 1605 557 1664 pervenisse.
1965 1617 2010 1649 20

209 1677 239 1720 9
384 1675 477 1723 Sed
518 1680 572 1723 ut
612 1680 725 1723 sunt
765 1678 985 1738 exempla
1022 1679 1219 1724 interim
1251 1680 1357 1724 tota
1390 1677 1583 1737 similia,
1623 1680 1678 1723 ut
1707 1676 1800 1722 hoc
1830 1690 1941 1735 pro-

268 1752 469 1807 ximum,
520 1752 589 1797 sic
628 1750 825 1797 interim
866 1767 922 1798 ex
962 1751 1230 1798 maioribus
1272 1751 1334 1796 ad
1379 1752 1586 1808 minora,
1638 1766 1695 1797 ex
1740 1750 1940 1796 minori-

271 1823 358 1870 bus
400 1823 461 1871 ad
501 1825 690 1871 maiora
729 1824 986 1871 ducuntur.
1031 1820 1191 1872 ‘urbes
1232 1828 1432 1886 propter
1477 1823 1791 1870 matrimonia
1838 1821 1940 1869 vio-

270 1898 374 1943 lata
415 1913 608 1945 eversae
650 1901 785 1944 sunt:
842 1898 960 1958 quid
998 1898 1102 1944 fieri
1151 1898 1374 1945 adultero
1413 1913 1504 1959 par
1543 1895 1649 1944 est?
1699 1897 1941 1954 tibicines,

271 1985 379 2017 cum
421 1970 480 2017 ab
520 1971 639 2017 urbe
681 1971 1028 2030 discessissent,
1076 1972 1267 2033 publice
1307 1973 1524 2018 revocati
1563 1973 1701 2018 sunt:
1757 1972 1941 2030 quanto
1967 1984 2009 2016 25

270 2045 428 2107 magis
468 2045 712 2105 principes
754 2046 969 2092 civitatis
1002 2047 1097 2092 viri
1130 2049 1177 2092 et
1207 2045 1327 2092 bene
1367 2045 1424 2091 de
1455 2061 1506 2090 re
1538 2045 1735 2104 publica
1767 2043 1942 2101 meriti,

273 2133 381 2164 cum
431 2117 646 2164 invidiae
699 2120 943 2176 cesserint,
996 2119 1055 2165 ab
1109 2119 1253 2165 exilio
1304 2113 1608 2165 reducendil'
1663 2116 1725 2164 ad
1774 2117 1941 2163 exhor-

185 2192 245 2236 10
272 2192 510 2238 tationem
549 2208 663 2238 vero
704 2194 965 2252 praecipue
1016 2193 1181 2239 valent
1230 2192 1451 2253 imparia.
1505 2190 1844 2238 admirabilior
1891 2189 1943 2235 in

273 2265 456 2311 femina
496 2281 644 2325 quam
683 2267 735 2311 in
774 2267 880 2312 viro
920 2268 1090 2313 virtus.
1144 2282 1307 2327 quare,
1347 2266 1388 2313 si
1430 2265 1492 2311 ad
1531 2266 1725 2312 fortiter
1762 2264 1942 2311 facien-

274 2338 388 2384 dum
444 2338 738 2385 accendatur
790 2339 983 2399 aliquis,
1035 2355 1130 2386 non
1185 2343 1380 2386 tantum
1437 2339 1656 2385 adferent
1706 2337 1943 2385 momenti
1967 2351 2012 2383 30

272 2411 508 2458 Horatius
549 2414 597 2458 et
638 2412 914 2472 Torquatus
955 2416 1194 2473 quantum
1233 2413 1320 2459 illa
1359 2413 1558 2470 mulier,
1610 2413 1744 2458 cuius
1794 2425 1944 2457 manu

393 2585 444 2622 12
481 2579 570 2624 Cic.
604 2581 729 2624 Verr.
765 2586 804 2634 4,
838 2587 907 2633 55,
943 2586 1024 2625 123

393 2747 417 2784 2
452 2743 934 2800 similitudo'ssfReyz‘us:
982 2744 1312 2788 dissimilitudo
1465 2747 1487 2785 7
1522 2742 1807 2786 suadendum
1838 2742 1944 2784 31²¹

394 2806 419 2844 8
453 2805 523 2844 est
553 2816 621 2846 om
653 2810 742 2844 BP
920 2808 972 2845 14
1006 2804 1179 2847 eisdem
1212 2812 1244 2845 A
1426 2807 1479 2845 22
1513 2815 1568 2844 ex
1598 2801 1851 2844 minoribus
1884 2800 1944 2842 ad

275 2860 453 2904 maiora
485 2875 551 2904 om
588 2868 640 2913 B,
664 2869 708 2903 P
737 2862 846 2917 (add
878 2862 958 2915 1113)
1095 2867 1148 2905 23
1183 2863 1221 2905 81
1253 2888 1307 2893 -
1340 2861 1475 2904 urbes
1508 2873 1690 2904 eversae
1723 2861 1829 2903 sunt
1859 2866 1950 2902 BP
