2007 3120
512 70 566 114 Π.
603 75 642 123 5,
676 73 864 113 21—26.
900 73 940 123 6,
975 74 1102 112 1—7.
1139 74 1178 122 τ,
1213 74 1339 112 1—2.
1731 71 1802 122 89

113 229 225 259 nem
278 227 395 259 vero
452 211 514 257 ad
571 210 926 274 cogitationem
981 210 1129 256 etiam
1187 213 1238 256 et
1300 210 1469 257 stilum
1524 210 1801 270 perferunt:

114 286 303 346 deinde,
344 285 476 346 quod
507 284 741 331 libentius
765 284 1152 344 praecipientem
1181 282 1392 330 audiunt
1426 300 1572 344 quam
1605 299 1801 344 repren-

113 360 322 406 dentem.
364 361 407 406 si
446 359 532 420 qui
571 373 686 405 vero
726 357 877 418 paulo
925 359 1040 404 sunt
1086 357 1374 415 vivaciores,
1429 359 1480 403 in
1529 357 1606 403 his
1660 373 1803 418 prae-

113 434 283 481 sertim
336 433 572 491 moribus,
627 430 779 478 etiam
833 430 1118 478 irascuntur
1174 431 1503 479 admonitioni
1558 434 1607 478 et-
1660 433 1801 478 taciti

69 525 87 556 5
111 510 404 571 repugnant.
456 521 615 566 neque
660 505 771 552 ideo
825 507 992 552 tamen
1045 505 1209 552 minus
1264 505 1389 552 vitia
1445 508 1614 566 aperte
1668 521 1802 553 coar-

46 894 86 925 10

45 1265 85 1296 15

44 1636 86 1667 20

43 2082 85 2113 25

112 582 309 645 guenda
349 583 485 628 sunt:
539 578 766 626 habenda
814 579 943 625 enim
998 579 1127 626 ratio
1181 582 1471 638 ceterorum,
1529 580 1614 640 qui
1667 582 1803 626 recta

112 671 230 714 esse,
287 670 411 716 quae
450 656 741 715 praeceptor
779 669 877 700 non
930 654 1282 711 emendaverit,
1331 653 1542 700 credent.
1591 656 1802 715 utraque

112 733 279 777 autem
323 730 452 775 ratio
495 728 743 775 miscenda
783 730 857 773 est
905 730 953 774 et
992 728 1066 774 ita
1111 728 1388 787 tractanda,
1435 730 1493 774 ut
1538 728 1675 789 ipsae
1727 744 1802 775 res

110 802 445 866 postulabunt.
486 818 700 862 namque
738 801 1089 862 incipientibus
1130 801 1294 849 danda
1342 803 1434 849 erit
1481 802 1617 848 velut
1664 818 1802 863 prae·

112 879 327 925 formata
366 877 577 923 materia
617 875 883 924 seeundum
931 876 1166 936 cuiusque
1216 878 1359 923 vires.
1418 880 1469 923 at
1521 891 1632 923 cum
1680 878 1802 923 satis

112 951 440 1013 composuisse
481 966 530 998 se
571 949 634 998 ad
675 950 956 1012 exemplum
994 950 1308 1009 videbunt-ur,
1346 950 1519 997 brevia
1561 949 1801 1011 quaedam

111 1025 494 1073 demonstranda
539 1026 766 1088 vestigia,
820 1040 944 1085 quae
999 1027 1249 1086 persecuti
1301 1024 1404 1071 iam
1460 1025 1560 1072 suis
1615 1024 1802 1071 viribus

111 1101 215 1147 sine
256 1099 556 1147 adminiculo
596 1098 829 1161 progredi
868 1100 1074 1160 possint.
1126 1114 1498 1160 nonnumquam
1540 1098 1666 1146 credi
1710 1098 1805 1146 sibi

109 1176 242 1236 ipsos
284 1173 547 1235 oportebit,
586 1173 821 1239 {ie-,mala
862 1173 1215 1237 consuetudine
1258 1189 1450 1237 semper
1482 1173 1700 1220 alienum
1731 1173 1801 1219 la-

110 1249 278 1296 borem
330 1248 568 1308 sequendi
620 1247 746 1294 nihi]
801 1262 890 1309 per
943 1263 993 1294 se
1050 1248 1219 1294 ecnari
1260 1250 1308 1294 et
1349 1264 1582 1308 quaerere
1630 1248 1802 1294 sciant.

112 1315 310 1384 quiddss
326 1320 448 1370 satis
496 1322 763 1384 prudenter
811 1321 1017 1369 dicenda
1063 1322 1293 1381 viderint,
1340 1323 1442 1369 iam
1488 1338 1642 1383 prope
1691 1337 1802 1369 con-

111 1399 356 1444 summata
411 1397 564 1443 fuerit
616 1396 968 1457 praecipientis
1023 1411 1194 1457 opera:
1259 1397 1299 1443 si
1356 1396 1476 1458 quid
1532 1398 1803 1443 erraverint

111 1471 284 1531 adhuc,
327 1474 470 1518 erunt
510 1471 572 1517 ad
613 1470 782 1517 ducem
822 1470 1098 1518 reducendi.
1142 1471 1223 1517 cui
1261 1472 1334 1518 rei
1373 1471 1534 1518 simile
1567 1470 1805 1532 quiddam

110 1545 347 1593 facientes
389 1561 501 1592 aves
543 1546 803 1604 cernimus,
858 1561 986 1605 quae
1026 1547 1210 1592 teneris
1264 1545 1572 1606 infirmisque
1621 1545 1803 1593 fetibus

111 1620 243 1667 cibos
285 1635 367 1666 ore
407 1635 494 1666 suo
536 1619 755 1667 conlatos
795 1621 1106 1680 partiuntur:
1149 1622 1201 1666 at
1226 1635 1337 1667 cum
1368 1620 1466 1667 visi
1490 1623 1604 1666 sunt
1629 1619 1804 1678 adulti,

111 1695 318 1756 paulum
359 1693 526 1757 egredi
565 1693 694 1740 nidis
736 1696 784 1740 et
824 1694 1180 1742 circumvolare
1221 1693 1387 1741 sedem
1425 1694 1566 1740 issam
1604 1709 1801 1754 praece-

111 1768 280 1816 dentes
304 1770 442 1829 ipsae
469 1768 666 1815 docent:
706 1769 813 1813 tum
839 1771 1065 1829 expertas
1089 1769 1219 1816 vires
1245 1768 1399 1816 libero
1427 1769 1561 1815 caelo
1587 1783 1802 1829 suaeque

109 1844 332 1903 ipsorum
369 1841 579 1889 fiduciae
618 1843 931 1904 permittunt.

708 1968 807 2026 [DE
840 1967 1218 2028 EnisoENDo]

221 2064 332 2112 VH.
371 2065 506 2112 fflud
545 2081 602 2111 ex
634 2065 989 2113 consuetudine
1021 2065 1314 2113 mutandum
1339 2082 1542 2128 prorsus
1575 2066 1803 2113 existimo

110 2139 163 2185 in
201 2139 294 2199 his,
341 2139 399 2186 de
442 2139 622 2200 quibus
662 2155 791 2186 nunc
832 2139 1132 2200 disserimus,
1180 2140 1449 2203 aetatibus,
1505 2156 1566 2186 ne
1622 2142 1802 2200 omnia,

111 2229 239 2274 quae
272 2214 574 2274 scripserint,
607 2214 829 2261 ediscant
860 2217 910 2261 et
934 2217 1083 2275 certa,
1122 2218 1181 2262 ut
1204 2216 1356 2262 moris
1381 2217 1468 2275 est,
1510 2215 1588 2262 die
1614 2215 1803 2262 dicant:

113 2288 245 2349 quod
299 2288 498 2349 quidem
544 2288 757 2336 maxime
803 2291 971 2350 patres
1020 2290 1237 2352 exigunt,
1286 2292 1437 2350 atque
1487 2291 1560 2336 ita
1608 2290 1804 2336 demum

112 2361 308 2409 studere
346 2362 526 2410 liberos
559 2377 685 2423 suos,
726 2362 766 2410 si
801 2379 950 2423 quam
979 2364 1377 2424 frequentissime
1402 2364 1803 2422 declamaverint,

45 2452 88 2483 30
112 2436 332 2496 credunt,
372 2452 487 2483 cum
525 2437 775 2498 profectus
814 2439 1080 2499 prae-cipue
1121 2437 1381 2501 diligentia
1434 2441 1639 2485 const-et.
1687 2453 1804 2484 nam

111 2512 168 2556 ut
207 2510 417 2558 scribere
457 2526 637 2573 pueros
675 2512 1046 2573 plurimumque
1089 2528 1191 2560 esse
1231 2512 1283 2558 in
1322 2513 1415 2560 hoc
1463 2528 1608 2574 opere
1656 2512 1802 2574 plane

110 2584 275 2645 velim,
330 2585 399 2632 sic
461 2585 678 2633 ediscere
733 2586 914 2634 electos
969 2602 1027 2633 ex
1084 2586 1393 2634 orationibus
1447 2587 1527 2634 vel
1581 2586 1802 2634 historiis

112 2659 273 2706 a]iove
323 2675 421 2720 quo
468 2676 645 2722 genere
701 2660 968 2723 dignorum
1022 2676 1080 2708 ea
1131 2676 1248 2707 cura
1302 2661 1615 2709 voluminum
1669 2661 1802 2707 locos

231 2775 256 2813 2
288 2770 560 2826 reprehend.
593 2779 723 2814 ABP
842 2777 896 2815 14
928 2771 1055 2828 ipsos
1095 2780 1156 2816 A:
1191 2787 1268 2815 eos
1308 2780 1397 2814 BP
1517 2776 1570 2814 16
1605 2771 1804 2814 dicenda

110 2828 334 2887 viderint]
378 2830 622 2874 diviserint
669 2831 859 2875 Meister
1035 2836 1086 2874 17
1123 2834 1172 2874 at
1204 2832 1243 2874 si
1275 2839 1312 2873 A
1502 2836 1555 2873 22
1590 2834 1802 2887 expertos

112 2888 339 2946 Spaldiny
461 2894 516 2933 26
548 2889 607 2932 iis
638 2897 804 2934 13an

1861 2445 1888 2488 [θ
