2007 3120
205 75 271 127 10
698 75 1074 128 QVINTILIANI
1103 75 1252 119 INST.
1287 75 1378 117 ΟΒ.

111 215 170 257 15
309 213 519 270 Quidam
558 214 737 261 litteris
769 214 1111 272 instituendos,
1153 215 1237 275 qui
1267 215 1478 261 minores
1512 215 1700 275 septem
1731 215 1872 260 annis

198 290 372 346 essent,
427 303 524 335 non
572 290 886 348 putaverunt,
941 287 1072 347 quod
1120 287 1208 332 illa
1259 287 1472 347 primum
1523 289 1658 334 aetas
1707 289 1755 333 et
1799 288 1874 334 in-

197 361 451 407 tellectum
490 361 862 420 disciplinarum
902 375 1073 420 capere
1115 362 1163 406 et
1201 359 1421 406 laborem
1459 361 1565 419 pati
1602 363 1780 420 posset.
1821 361 1875 405 in

198 450 296 494 qua
346 434 590 481 sententia
629 432 899 480 Hesiodum
950 448 1052 480 esse
1104 432 1306 493 plurimi
1358 431 1575 492 tradunt,
1626 435 1712 494 qui
1761 435 1875 479 ante

199 508 575 569 grammaticum
607 506 974 566 Aristophanen
1013 506 1224 552 fuerunt.
1272 521 1386 552 nam
1424 505 1465 553 is
1506 507 1719 566 primum
1752 503 1874 553 ὑπο-

200 578 374 640 θήκας,
422 581 474 626 in
515 595 608 639 quo
648 579 773 625 libro
814 578 1052 640 scriptum
1089 579 1180 625 hoc
1219 580 1485 638 invenitur,
1531 579 1734 641 negavit
1772 595 1875 626 esse

112 652 170 695 16
198 653 340 700 huius
389 655 575 712 poetae.
646 652 731 699 sed
777 653 863 698 alii
910 667 1102 712 quoque
1143 654 1380 711 auctores,
1428 651 1555 698 inter
1595 667 1715 713 quos
1755 652 1876 698 Era-

197 726 460 784 tosthenes,
510 725 640 772 idem
678 728 1044 786 praeceperunt.
1114 725 1289 771 melius
1331 726 1508 784 autem,
1561 726 1649 785 qui
1687 725 1877 771 nullum

196 802 391 859 tempus
433 814 605 846 vacare
639 814 755 845 cura
788 799 974 857 volunt,
1013 801 1068 844 ut
1104 797 1420 859 Chrysippus.
1460 813 1574 844 nam
1605 799 1662 856 is,
1703 814 1876 859 quam-

198 873 270 919 vis
322 872 595 919 nutricibus
647 872 918 918 triennium
968 871 1170 930 dederit,
1223 874 1390 917 tamen
1438 871 1498 917 ab
1537 871 1638 918 illis
1680 887 1875 932 quoque

197 946 297 992 iam
336 945 645 992 formandam
678 961 828 1006 quam
860 946 1059 1006 optimis
1094 944 1334 992 institutis
1368 947 1582 991 mentem
1612 944 1877 991 infantium

111 1018 167 1061 17
197 1018 399 1066 iudicat.
471 1034 555 1065 0111·
595 1021 760 1065 autem
799 1035 896 1065 non
935 1020 1183 1078 pertineat
1222 1018 1284 1064 ad
1326 1019 1515 1065 litteras
1558 1021 1709 1076 aetas,
1750 1034 1876 1079 quae

199 1093 261 1139 ad
308 1108 464 1139 mores
512 1093 612 1138 iam
658 1091 902 1153 pertinet?
965 1107 1123 1152 neque
1170 1091 1341 1154 ignoro
1389 1094 1493 1138 toto
1532 1091 1635 1150 illo,
1682 1091 1741 1138 de
1781 1107 1876 1152 quo

198 1167 386 1226 loquor,
426 1170 643 1226 tempore
682 1167 764 1212 vix
803 1168 999 1212 tantum
1040 1165 1179 1225 effici,
1222 1167 1461 1225 quantum
1501 1165 1718 1211 conferre
1750 1181 1876 1212 unus

197 1241 370 1300 postea
422 1241 579 1300 possit
626 1255 804 1298 annus,
860 1238 943 1286 sed
989 1241 1155 1286 tamen
1202 1238 1343 1297 mihi,
1400 1239 1486 1299 qui
1532 1237 1876 1298 dissenserunt,

198 1312 426 1359 videntur
459 1329 557 1359 non
589 1315 693 1359 tam
725 1312 1022 1360 discentibus
1055 1313 1106 1358 in
1138 1312 1228 1358 hac
1252 1314 1393 1372 parte
1419 1327 1568 1372 quam
1591 1311 1875 1358 docentibus

111 1389 170 1433 18
195 1388 482 1447 pepercisse.
526 1385 642 1447 quid
682 1387 856 1433 melius
898 1386 1084 1446 alioqui
1117 1385 1311 1445 facient,
1353 1401 1409 1431 ex
1441 1400 1537 1446 quo
1570 1385 1709 1445 loqui
1739 1387 1876 1445 pote-

197 1463 313 1506 runt
345 1453 556 1524 (faciant
588 1461 718 1506 enim
751 1459 939 1520 aliquid
970 1475 1162 1506 necesse
1196 1453 1326 1522 esti?
1369 1461 1456 1505 aut
1487 1473 1572 1504 cur
1602 1457 1693 1504 hoc
1725 1474 1876 1519 quan-

197 1533 564 1593 tulumcumque
615 1536 686 1580 est
737 1549 890 1593 usque
943 1532 1005 1579 ad
1056 1536 1242 1592 septem
1294 1547 1446 1578 annos
1498 1532 1688 1578 lucrum
1738 1531 1876 1578 fasti-

198 1605 422 1653 diamus?
462 1622 577 1653 nam
617 1609 744 1653 certe
786 1605 1058 1668 quamlibet
1091 1621 1300 1666 parvum
1332 1607 1411 1664 sit,
1454 1604 1581 1666 quod
1616 1605 1879 1652 contulerit

200 1683 332 1726 aetas
385 1681 532 1740 prior,
590 1680 773 1726 maiora
823 1683 988 1726 tamen
1040 1679 1207 1740 aliqua
1259 1678 1413 1726 discet
1462 1694 1583 1738 puer
1633 1680 1740 1739 ipso
1792 1678 1877 1725 1110

112 1756 170 1800 19
198 1769 340 1812 anno,
382 1769 476 1814 quo
516 1756 706 1800 minora
746 1753 1008 1800 didicisset.
1050 1753 1139 1799 hoc
1181 1768 1267 1813 per
1306 1752 1524 1815 singulos
1558 1755 1878 1815 prorogatum

197 1829 249 1873 in
282 1843 524 1874 summam
555 1827 761 1887 proficit,
803 1831 863 1886 et,
905 1829 1146 1888 quantum
1179 1827 1229 1872 in
1261 1826 1474 1872 infantia
1506 1828 1879 1886 praesumptum

198 1904 272 1947 est
325 1902 584 1961 temporis,
642 1900 1004 1948 adulescentiae
1061 1899 1352 1960 adquiritur.
1430 1898 1560 1945 idem
1614 1900 1764 1945 etiam
1820 1898 1878 1945 de

197 1974 513 2034 sequentibus
567 1976 706 2020 annis
761 1977 1079 2034 praeceptum
1128 1974 1212 2032 sit,
1265 1988 1347 2031 ne,
1398 1972 1530 2033 quod
1580 1974 1756 2032 cuique
1805 1972 1876 2018 di·
1904 2000 1920 2022 -,

197 2047 429 2094 scendum
483 2050 568 2106 est,
625 2063 730 2094 sero
787 2047 969 2094 discere
1024 2046 1243 2108 incipiat.
1307 2061 1403 2092 non
1452 2060 1565 2107 ergo
1617 2045 1876 2106 perdamus

197 2122 410 2181 primum
443 2123 614 2168 statim
645 2124 854 2181 tempus,
887 2123 1034 2181 atque
1068 2135 1122 2166 eo
1156 2119 1330 2180 minus,
1365 2118 1497 2179 quod
1520 2119 1666 2165 initia
1689 2118 1877 2166 littera-

197 2211 308 2240 rum
359 2194 462 2241 sola
510 2194 745 2242 memoria
792 2196 1033 2252 constant,
1083 2209 1208 2254 quae
1256 2208 1353 2240 non
1391 2192 1535 2238 modo
1576 2192 1676 2238 iam
1714 2194 1789 2239 est
1825 2193 1877 2238 in

199 2270 377 2328 parvis,
419 2267 503 2314 sed
542 2274 649 2314 tum
689 2269 841 2314 etiam
882 2268 1198 2314 tenacissima
1239 2269 1325 2314 est.

109 2343 172 2387 20
308 2341 407 2387 Nec
449 2357 556 2388 sum
597 2341 717 2388 adeo
758 2343 997 2388 aetatium
1035 2339 1315 2400 inprudens,
1354 2342 1411 2385 ut
1449 2338 1734 2386 instandum
1764 2354 1875 2398 pro-

198 2416 329 2461 tinus
381 2416 560 2461 teneris
613 2415 783 2462 acerbe
829 2418 998 2475 putem
1046 2413 1428 2476 exigendamque
1477 2413 1621 2473 plane
1661 2427 1875 2472 operam.

199 2503 312 2534 nam
358 2487 408 2533 id
454 2490 506 2533 in
553 2488 722 2548 primis
765 2503 935 2535 cavere
975 2487 1232 2548 oportebit,
1281 2502 1341 2533 ne
1380 2485 1544 2533 studia
1585 2485 1671 2546 qui
1711 2500 1876 2532 amare

199 2560 411 2607 nondum
462 2564 636 2621 potest,
686 2562 845 2608 orlerit
893 2564 942 2608 et
988 2559 1368 2608 amaritudinem
1407 2559 1555 2606 semel
1594 2561 1877 2618 perceptam

316 2692 343 2728 4
374 2685 460 2741 frg.
501 2691 578 2727 173
618 2687 678 2727 R:
727 2713 763 2717 -
804 2691 827 2727 9
861 2686 947 2742 frg.
984 2690 1065 2726 733

319 2807 343 2844 5
376 2803 576 2857 primum
602 2811 654 2844 A:
694 2804 866 2857 primus
902 2804 982 2846 rell
1087 2807 1140 2844 22
1174 2800 1401 2857 singulos:
1435 2813 1579 2843 annos
1605 2800 1710 2844 add.
1739 2802 1878 2843 variis

199 2861 308 2904 Iocis
338 2869 486 2902 ath*
601 2866 650 2903 31
687 2862 876 2916 plenam
909 2875 1097 2917 operam
1129 2860 1214 2904 edd
1245 2860 1464 2915 quaedam

1903 891 1943 921 10

1907 1257 1943 1287 15

1903 1623 1945 1654 20

1901 2359 1943 2391 30
