2007 3120
211 144 280 196 98
707 141 1080 194 QVTNTILIANI
1107 142 1257 186 INST.
1293 142 1385 186 OR.

212 285 339 341 sunt,
385 284 442 329 ut
489 283 677 328 lumina
736 297 834 328 non
890 277 1036 328 ‘inter
1088 276 1328 341 umbras’,
1383 297 1528 342 quem
1573 282 1635 327 ad
1680 281 1880 329 modum

214 355 380 402 Cicero
420 355 552 415 dicit,
593 355 677 401 sed
715 355 860 416 plane
897 356 1028 402 inter
1057 355 1281 402 tenebras
1315 355 1521 401 clariora
1545 358 1671 401 sunt.
1709 356 1879 416 itaque

209 429 455 491 ingeniosi
492 430 741 487 vocentur,
779 430 835 474 ut
871 427 1007 486 libet,
1046 428 1164 473 dum
1202 429 1368 474 tamen
1407 430 1596 475 constet
1634 430 1879 475 contume-

153 510 183 553 8
210 502 331 548 liose
369 503 439 550 sic
477 501 669 548 laudari
709 501 959 548 disertum.
1012 501 1168 547 nihilo
1213 502 1374 548 minus
1429 500 1755 548 confitendum
1807 504 1881 548 est

213 576 364 622 etiam
403 575 656 621 detrahere
688 574 962 621 doctrinam
1008 574 1218 635 aliquid,
1264 577 1321 621 ut
1365 574 1536 620 limam
1581 575 1784 622 rudibus
1831 577 1880 621 et
1926 592 1946 624 5

212 651 343 695 cotes
396 647 652 695 hebetibus
704 650 754 693 et
805 648 919 694 vino
969 650 1288 706 vetustatem,
1341 647 1425 694 sed
1473 648 1598 694 vitia
1651 647 1880 707 detrahit,

213 723 361 782 atque
399 737 455 768 eo
495 721 598 768 solo
637 722 798 768 minus
846 723 919 768 est
964 720 1095 782 quod
1140 721 1336 767 litterae
1382 721 1737 782 perpolierunt,
1785 737 1880 782 quo

211 796 401 841 melius.

157 878 187 920 9
323 867 508 914 Verum
545 867 599 913 hi
635 868 1036 928 pronuntiatione
1078 883 1268 927 quoque
1316 867 1499 913 famam
1546 867 1738 914 dicendi
1783 867 1882 914 for-

212 942 311 988 tius
352 943 614 1002 quaerunt,
662 956 777 987 nam
816 943 865 987 et
911 941 1127 987 clamant
1163 940 1344 1001 ubique
1395 943 1444 987 et
1491 941 1654 987 omnia
1702 941 1882 1000 levata,
1907 959 1950 990 10

213 1017 270 1061 ut
306 1014 404 1075 ipsi
440 1018 633 1075 vocant,
672 1030 822 1060 manu
863 1015 1130 1076 emugiunt,
1168 1014 1324 1060 multo
1364 1014 1599 1073 discursu,
1647 1015 1882 1073 anhelitu,

127 1097 189 1140 10
212 1088 478 1134 iactatione
503 1090 683 1149 gestus,
707 1090 844 1134 motu
857 1089 1033 1148 capitis
1058 1088 1286 1134 furentes.
1320 1089 1418 1133 iam
1436 1087 1678 1134 conlidere
1694 1103 1882 1146 manus,

213 1163 372 1208 terrae
425 1161 600 1221 pedem
653 1160 891 1219 incutere,
943 1161 1122 1220 femur,
1178 1165 1360 1221 pectus,
1413 1161 1624 1207 frontem
1669 1161 1882 1220 caedere,

213 1236 334 1280 mire
375 1234 438 1280 ad
476 1235 724 1295 pullatum
764 1234 1000 1281 circulum
1038 1234 1180 1280 facit:
1221 1249 1330 1280 cum
1362 1235 1444 1280 ille
1479 1234 1712 1294 eruditus,
1750 1237 1808 1281 ut
1830 1237 1883 1280 in

214 1309 434 1355 oratione
473 1308 630 1354 multa
668 1310 987 1366 summittere,
1036 1307 1243 1366 variare,
1290 1307 1560 1368 disponere,
1613 1309 1686 1354 ita
1735 1307 1884 1355 etiam
1910 1325 1951 1357 15

213 1381 265 1427 in
303 1381 668 1442 pronuntiando
720 1397 863 1429 suum
913 1383 1086 1441 cuique
1135 1397 1316 1439 eorum,
1367 1396 1491 1441 quae
1540 1381 1684 1440 dicet,
1731 1381 1885 1428 colori

213 1454 587 1502 adcommodare
628 1457 793 1501 actum
832 1455 968 1513 sciat,
1018 1459 1066 1501 et
1105 1456 1148 1501 si
1187 1453 1306 1514 quid
1345 1455 1408 1500 sit
1447 1457 1683 1514 perpetua
1722 1454 1882 1501 obser-

128 1536 186 1578 11
214 1529 413 1575 vatione
453 1528 669 1590 dignum,
708 1527 955 1574 modestus
997 1531 1045 1574 et
1085 1543 1185 1575 esse
1227 1531 1276 1574 et
1313 1527 1471 1574 videri
1508 1528 1663 1574 malit.
1711 1531 1764 1575 at
1807 1529 1885 1575 illi

214 1602 340 1647 hano
370 1601 472 1647 vim
503 1601 769 1662 appellant,
809 1617 933 1662 quae
965 1606 1040 1649 est
1070 1602 1232 1662 potius
1256 1601 1515 1648 violentia:
1555 1617 1664 1648 cum
1688 1601 1883 1648 interim

215 1690 312 1721 non
354 1677 542 1721 actores
582 1675 726 1722 modo
768 1675 958 1735 aliquos
998 1675 1235 1733 invenias,
1274 1675 1371 1734 sed,
1411 1675 1541 1735 quod
1581 1678 1654 1722 est
1675 1676 1883 1735 turpius,
1909 1693 1952 1724 20

214 1752 550 1809 praeceptores
584 1750 748 1807 etiam,
788 1750 874 1809 qui
904 1748 1098 1796 brevem
1132 1748 1325 1795 dicendi
1356 1749 1749 1795 exercitationem
1773 1764 1884 1796 oon-

216 1823 372 1868 secuti
425 1823 603 1869 omissa
647 1823 852 1879 ratione,
914 1824 971 1868 ut
1028 1822 1147 1868 tulit
1199 1823 1428 1882 impetus,
1474 1822 1657 1882 passim
1703 1823 1884 1869 tumul-

214 1897 418 1941 tuentur
450 1910 640 1955 eosque,
675 1897 758 1955 qui
789 1896 899 1956 plus
923 1895 1119 1942 honoris
1159 1895 1338 1942 litteris
1371 1895 1662 1954 tribuerunt,
1693 1896 1885 1955 ineptos

217 1971 267 2015 et
304 1970 492 2015 ieiunos
534 1972 582 2015 et
620 1968 811 2029 tepidos
852 1971 900 2015 et
938 1968 1170 2027 infirmos,
1209 1972 1267 2014 ut
1299 1969 1524 2029 quodque
1548 1969 1750 2015 verbum
1775 1984 1884 2016 con-

130 2049 190 2092 12
217 2042 666 2089 tumeliosissimum
716 2042 940 2101 occurrit,
995 2042 1256 2103 appellent.
1311 2058 1480 2088 verum
1533 2042 1632 2089 illis
1687 2043 1884 2102 quidem
1910 2059 1951 2091 25

219 2115 527 2178 gratulemur
551 2116 654 2161 sine
680 2115 861 2173 labore,
894 2116 996 2163 sine
1020 2117 1226 2174 ratione,
1261 2117 1361 2161 sine
1388 2116 1646 2176 disciplina
1671 2116 1886 2163 disertis:

216 2203 319 2246 nos,
358 2189 552 2249 quando
593 2192 642 2235 et
680 2190 1013 2250 praecipiendi
1050 2205 1225 2236 munus
1264 2191 1365 2235 iam
1410 2189 1598 2249 pridem
1639 2189 1888 2250 deprecati

217 2277 385 2309 sumus
412 2266 458 2309 et
492 2263 542 2307 in
568 2262 673 2309 foro
700 2278 892 2323 quoque
926 2262 1131 2321 dicendi,
1173 2263 1288 2323 quia
1311 2262 1709 2310 honestissimum
1741 2262 1886 2310 finem

217 2335 511 2395 putabamus
560 2335 777 2382 desinere
825 2337 939 2382 dum
986 2336 1385 2395 desideraremur,
1431 2336 1723 2396 inquirendo
1773 2337 1887 2383 scri-

217 2408 470 2469 bendoque
510 2410 633 2455 talia
681 2410 986 2457 consolemur
1041 2411 1193 2455 otium
1240 2412 1484 2468 nostrum,
1539 2425 1664 2470 quae
1718 2410 1886 2456 futura
1910 2427 1955 2458 30

218 2483 328 2529 usui
367 2482 522 2528 bonae
562 2485 739 2529 mentis
779 2483 1035 2530 iuvenibus
1076 2483 1388 2541 arbitramur,
1434 2482 1573 2530 nobis
1606 2486 1735 2530 certe
1774 2486 1888 2531 sunt

217 2556 478 2616 voluptati.

340 2701 360 2737 1
395 2695 462 2737 De
496 2698 608 2738 orat.
644 2701 684 2749 3,
719 2700 786 2747 26,
822 2701 902 2739 101

340 2817 362 2853 2
407 2813 456 2854 in
499 2812 701 2855 tenebris
748 2821 784 2854 Α
947 2818 971 2855 6
1003 2816 1058 2855 ut
1099 2814 1204 2856 vino
1247 2822 1283 2854 Α
1451 2819 1503 2856 12
1547 2813 1751 2856 furentes
1782 2821 1885 2855 BP:

219 2870 480 2925 frequentes
512 2880 549 2912 Α
679 2877 730 2914 17
765 2872 825 2914 sit
854 2886 925 2915 om
955 2880 1044 2914 ΒΡ
1168 2877 1223 2914 24
1253 2873 1458 2928 trepidos
1489 2881 1578 2915 BP
1708 2876 1761 2914 27
1793 2871 1888 2914 iam

220 2929 322 2971 „11²²
333 2948 341 2972 :
375 2930 516 2973 etiam
547 2931 652 2972 ΒΡ1
774 2936 827 2973 29
860 2930 909 2972 in
941 2931 1202 2985 quaerendo
1234 2939 1271 2972 A
