2055 3130
259 79 367 130 244
754 75 1127 128 QVINTILIAM
1156 74 1221 117 IN
1225 74 1306 117 ST.
1341 73 1433 117 OR.

254 218 548 280 rogationes,
586 218 656 274 ut,
696 230 806 261 cum
835 215 1079 275 plerisque
1102 213 1223 259 bene
1246 212 1612 273 respondeatur,
1651 227 1727 259 res
1759 214 1925 259 tamen

171 298 235 342 29
263 291 325 337 ad
362 290 429 350 id,
469 289 600 350 quod
637 288 812 335 volunt
852 287 1054 345 efficere,
1091 286 1361 346 perveniat.
1401 285 1527 332 illud
1564 286 1762 332 fortuna
1801 287 1925 332 inte-

256 366 352 410 rim
389 364 623 424 praestat,
662 364 718 407 ut
758 360 958 421 aliquid,
999 359 1130 420 quod
1168 361 1297 406 inter
1335 374 1385 405 se
1424 374 1600 419 parum
1639 359 1928 416 consentiat,

260 452 288 482 a
325 438 450 483 teste
491 435 695 492 dicatur,
748 435 962 493 interim,
1015 433 1145 493 quod
1198 433 1392 492 saepius
1449 433 1624 490 evenit,
1677 434 1732 477 ut
1785 433 1926 478 testis

258 511 375 556 testi
414 508 606 555 diversa
646 507 790 553 dicat.
832 509 975 553 acuta
1007 509 1172 552 autem
1211 505 1533 567 interrogatio
1567 505 1630 551 ad
1652 505 1756 565 hoc,
1798 504 1930 564 quod
1975 521 1993 552 5

171 591 236 634 30
261 598 379 629 casu
432 581 539 628 fieri
585 581 722 639 solet,
778 581 928 626 etiam
983 581 1174 626 ratione
1224 578 1470 639 perducet.
1535 580 1670 625 extra
1733 592 1930 624 causam

261 670 456 716 quoque
494 653 665 713 multa,
706 669 831 713 quae
862 654 1066 714 prosint,
1105 654 1272 714 rogari
1303 652 1475 712 solent,
1516 651 1575 698 de
1598 653 1704 698 vita
1728 652 1931 697 testium

261 729 483 787 aliorum,
532 727 589 773 de
637 742 725 773 sua
773 728 993 786 quisque,
1047 726 1089 772 si
1142 725 1413 785 turpitudo,
1470 726 1513 771 si
1565 724 1835 783 humilitas,
1889 725 1932 770 si

262 801 481 849 amicitia
520 802 834 858 accusatoris,
875 801 918 846 si
948 798 1238 845 inimicitiae
1272 813 1382 845 cum
1412 813 1516 844 reo:
1557 799 1609 844 in
1635 798 1811 857 quibus
1846 799 1932 843 aut

262 876 429 922 dicant
468 873 672 934 aliquid,
711 872 842 933 quod
873 874 1042 932 prosit,
1085 875 1170 918 aut
1207 873 1257 918 in
1283 871 1534 918 mendacio
1559 871 1638 917 vel
1663 871 1931 931 cupiditate
1958 887 1999 917 ιο

173 957 233 1000 31
260 948 487 995 laedendi
541 947 917 1007 deprendantur.
973 946 1056 994 sed
1117 947 1169 991 in
1224 946 1394 1005 primis
1448 945 1771 1005 interrogatio
1824 958 1934 989 cum
2045 971 2050 1008 ἦ

263 1022 406 1069 debet
445 1036 547 1068 esse
588 1022 952 1080 circumspecta,
999 1020 1115 1080 quia
1154 1019 1311 1065 multa
1357 1021 1527 1066 contra
1573 1020 1806 1078 patronos
1854 1033 1933 1064 ve·
2046 1023 2049 1030 '

263 1098 403 1142 nuste
443 1097 592 1141 testes
632 1109 773 1154 saepe
812 1092 1107 1153 respondent
1147 1094 1287 1152 eique
1326 1093 1589 1152 praecipue
1621 1091 1769 1153 vulgo
1802 1091 1934 1137 fave-

263 1171 358 1227 tur,
397 1170 503 1214 tum
542 1167 702 1214 verbis
744 1182 891 1227 quam
930 1167 1140 1212 maxime
1182 1182 1237 1211 ex
1277 1165 1437 1212 medio
1478 1167 1701 1224 sumptis,
1741 1165 1809 1223 ut,
1851 1165 1935 1223 qui

263 1245 467 1304 rogatur
507 1236 570 1305 (is
612 1244 778 1286 autem
811 1242 883 1286 est
922 1241 1117 1299 saepius
1149 1232 1412 1302 inperitus)
1445 1238 1718 1299 intellegat,
1759 1239 1845 1283 aut
1875 1252 1934 1282 ne
1961 1252 2002 1283 15

263 1315 548 1376 intellegere
596 1329 645 1360 se
695 1315 861 1375 neget,
910 1313 1042 1374 quod
1087 1312 1436 1372 interrogantis
1484 1327 1581 1358 non
1627 1312 1732 1358 leve
1779 1311 1934 1373 frigus

178 1396 240 1440 32
268 1391 353 1436 est.
394 1389 509 1434 illae
550 1402 663 1433 vero
705 1388 945 1447 pessimae
985 1388 1128 1444 artes,
1168 1388 1344 1432 testem
1385 1385 1705 1432 subornatum
1743 1386 1793 1430 in
1826 1383 1937 1431 sub-

267 1463 406 1509 sellia
448 1461 718 1507 adversarii
758 1460 966 1518 mittere,
1007 1463 1061 1505 ut
1101 1459 1213 1505 inde
1247 1459 1485 1505 excitatus
1518 1459 1631 1518 plus
1662 1461 1835 1504 noceat
1859 1456 1937 1503 vel

268 1535 470 1582 dicendo
512 1538 680 1581 contra
719 1550 869 1591 reum,
910 1548 1018 1580 cum
1058 1548 1154 1593 quo
1188 1532 1381 1590 sederit,
1420 1533 1513 1590 vel,
1554 1547 1662 1578 cum
1695 1530 1938 1578 adiuvisse

267 1610 551 1656 testimonio
599 1607 861 1666 videbitur,
910 1607 1132 1653 faciendo
1181 1622 1237 1652 ex
1288 1606 1531 1652 industria
1581 1605 1738 1651 multa
1783 1606 1937 1650 inmo-
1964 1620 2005 1650 20

270 1683 403 1729 deste
455 1684 600 1742 atque
652 1682 1050 1740 intemperanter,
1100 1696 1185 1740 per
1236 1695 1360 1740 quae
1411 1694 1507 1725 non
1559 1694 1587 1724 a
1643 1693 1690 1724 se
1745 1680 1939 1724 tantum

271 1755 412 1803 dictis
454 1755 680 1801 detrahat
718 1753 875 1811 fidem,
917 1754 1001 1800 sed
1042 1754 1212 1800 ceteris
1253 1768 1466 1814 quoque,
1515 1754 1599 1812 qui
1639 1752 1938 1812 profuerant,

271 1830 464 1876 auferat
502 1829 791 1874 utilitatem:
833 1844 1039 1887 quorum
1079 1828 1376 1873 mentionem
1416 1825 1577 1884 habui,
1624 1841 1720 1872 non
1763 1827 1820 1871 ut
1857 1824 1939 1869 fie-

270 1904 395 1962 rent,
435 1902 517 1948 sed
556 1905 611 1947 ut
649 1901 938 1947 vitarentur.

387 1976 540 2036 Saepe
580 1977 709 2021 inter
740 1990 788 2022 se
830 1974 996 2021 collidi
1037 1974 1193 2020 solent
1232 1974 1345 2020 inde
1384 1974 1598 2032 testatio,
1639 1972 1752 2018 hinc
1776 1974 1939 2018 testes.
1967 1986 2006 2017 25
2054 2026 2055 2041 ¹

271 2051 406 2096 locus
446 2050 716 2108 utrimque:
756 2048 876 2094 haec
909 2049 1034 2094 enim
1078 2062 1126 2093 se
1166 2063 1278 2107 pars
1311 2049 1415 2093 iure
1447 2045 1671 2103 iurando,
1710 2045 1799 2091 illa
1831 2060 1940 2091 con·
2054 2051 2055 2091 Ξ

184 2129 247 2174 33
273 2138 418 2170 sensu
458 2123 758 2184 signantium
797 2125 974 2167 tuetur.
1028 2136 1169 2182 saepe
1209 2122 1337 2166 inter
1374 2122 1523 2166 testes
1564 2122 1612 2165 et
1651 2122 1942 2180 argumenta
2054 2104 2055 2155 l

275 2198 553 2256 quaesitum
593 2199 678 2242 est.
730 2195 842 2241 inde
892 2196 1146 2241 scientiam
1194 2194 1245 2240 in
1291 2193 1498 2240 testibus
1547 2195 1595 2238 et
1640 2193 1941 2254 religionem,
2053 2157 2055 2288 Ι

273 2271 472 2332 ingenia
519 2284 619 2316 esse
666 2270 716 2314 in
773 2268 1072 2330 argumentis
1123 2267 1321 2314 dicitur:
1375 2267 1488 2313 hinc
1543 2268 1716 2312 testem
1767 2265 1942 2328 gratia,

273 2346 424 2402 metu,
463 2343 686 2403 pecunia,
726 2342 814 2401 ira,
855 2341 980 2400 odio,
1022 2342 1253 2399 amicitia,
1287 2341 1473 2387 ambitu
1504 2339 1621 2398 fieri,
1655 2342 1943 2400 argumenta
1967 2354 2009 2385 30
2053 2290 2055 2398 l

277 2433 332 2462 ex
371 2419 548 2463 natura
588 2416 712 2474 duci,
752 2417 805 2461 in
844 2415 918 2461 his
958 2415 1168 2461 iudicem
1209 2414 1315 2473 sibi,
1366 2416 1419 2460 in
1457 2414 1558 2459 illis
1605 2412 1692 2458 alii
1738 2411 1941 2459 credere.
2053 2409 2055 2438 ¹

188 2496 250 2541 34
277 2489 554 2538 communia
591 2490 710 2535 haee
757 2488 980 2549 pluribus
1028 2488 1185 2535 causis
1232 2488 1537 2548 multumque
1583 2487 1769 2533 iactata
1815 2489 1944 2543 sunt,
2052 2453 2055 2510 1

277 2580 464 2624 semper
495 2566 658 2609 tamen
691 2562 1018 2609 iactabuntur.
1060 2561 1324 2621 aliquando
1356 2560 1603 2620 utrimque
1636 2561 1750 2606 sunt
1779 2561 1944 2617 testes,

397 2693 419 2729 2
453 2687 503 2729 id
534 2695 595 2730 B:
629 2686 747 2729 illud
781 2695 824 2729 Ρ
852 2687 891 2729 si
923 2695 958 2728 A
987 2689 992 2741 1
1021 2686 1163 2728 velint
1195 2694 1229 2727 A
1413 2690 1464 2726 11
1501 2698 1603 2727 cum
1635 2698 1704 2727 om
1735 2691 1824 2726 BP

280 2752 334 2789 12
367 2748 526 2788 contra
557 2754 660 2788 BP:
695 2746 866 2788 circum
898 2754 933 2786 Α
1057 2750 1109 2788 13
1141 2745 1274 2787 testis
1309 2771 1361 2775 -
1394 2743 1642 2799 respondet
1675 2750 1764 2784 BP
1792 2742 1902 2785 Edd
1937 2743 1941 2797 1

279 2805 412 2859 eique
444 2806 524 2849 scil
540 2806 659 2859 quod
672 2810 796 2848 testes
812 2805 1077 2859 respondent
1100 2806 1241 2847 multa
1266 2808 1443 2846 venuste
1565 2807 1617 2844 15
1652 2804 1698 2844 et
1719 2801 1946 2856 inperitus

278 2872 367 2906 BP
484 2867 538 2906 30
570 2864 687 2920 fieri]
722 2863 964 2919 depravari
1007 2864 1062 2906 Vt
1181 2867 1234 2904 33
1269 2864 1315 2905 et
1347 2875 1526 2916 semper
1548 2868 1585 2902 A
1612 2873 1880 2916 semperque
1907 2867 1951 2902 Ρ
