2055 3130
67 529 88 560 5

45 898 88 930 10

45 1640 88 1671 20

45 2382 90 2414 30

767 73 844 116 m.
879 78 918 127 6,
954 76 1140 116 74-86.
1177 109 1181 112 .
1696 74 1800 126 155

114 217 295 262 natura
318 215 625 276 praescribit.
665 229 782 260 nam
812 214 1028 274 primum
1061 215 1257 274 oportet
1282 212 1476 260 subesse
1503 213 1709 273 aliquid,
1742 213 1801 260 de

115 305 212 350 quo
254 288 536 352 ambigitur,
578 288 724 349 quod,
765 287 885 347 quid
918 287 984 333 sit
1016 288 1064 333 et
1096 287 1241 347 quale
1276 288 1355 346 sit,
1397 288 1527 333 certe
1553 302 1647 333 non
1691 290 1798 348 pot-

116 365 191 410 est
230 362 495 423 aestimari,
534 362 633 409 nisi
670 363 810 422 prius
843 376 946 408 esse
983 361 1275 420 constiterit,
1312 360 1521 421 ideoque
1560 376 1616 406 ea
1639 361 1802 421 prima

116 438 356 497 quaestio.
398 436 482 483 sed
512 452 610 482 non
645 436 829 494 statim,
871 434 1004 495 quod
1036 449 1138 482 esse
1170 434 1491 481 manifestum
1523 437 1610 494 est,
1651 436 1802 480 etiam
1827 435 1886 479 81

115 509 233 572 quid
272 511 338 557 sit
377 512 598 570 apparet.
639 510 731 556 hoc
771 524 965 569 quoque
993 510 1261 555 constituto
1286 510 1556 556 novissima
1583 509 1799 568 qualitas

113 587 350 645 superest,
389 599 546 644 neque
584 583 660 630 his
709 582 975 644 exploratis
1009 582 1146 629 aliud
1177 585 1251 629 est
1281 583 1428 628 ultra.
1468 583 1544 629 his
1576 582 1801 629 infinitae

115 659 441 718 quaestiones,
480 657 556 704 his
596 656 766 703 finitae
806 658 1145 716 continentur,
1199 657 1379 703 horum
1420 657 1589 717 aliqua
1627 658 1681 702 in
1721 656 1801 702 de-

111 732 456 791 monstrativa,
496 731 835 790 deliberativa,
890 730 1116 777 iudiciali
1155 730 1365 777 materia
1405 730 1576 791 utique
1616 733 1801 777 tracta-

110 807 215 865 tur,
254 805 375 852 haec
412 821 581 852 rursus
620 805 869 851 iudicialis
902 820 1073 851 causas
1109 806 1158 852 et
1195 805 1433 852 rationali
1470 807 1613 866 parte
1646 807 1695 851 et
1734 805 1801 851 le·
1828 805 1890 849 82

113 880 217 942 gali
278 880 552 926 continent:
615 895 773 939 neque
836 880 967 925 enim
1021 879 1127 925 ulla
1171 880 1292 925 iuris
1350 878 1643 939 disceptatio
1705 880 1804 925 nisi

111 953 350 1013 finitione,
390 954 649 1015 qualitate,
689 954 972 1001 coniectura
1017 955 1182 1013 potest
1229 953 1476 1013 explicari.
1527 953 1611 1000 sed
1660 953 1801 999 insti·
1828 954 1890 997 83

110 1027 363 1075 tuentibus
403 1027 549 1075 rudes
590 1043 688 1074 non
729 1029 824 1074 erit
861 1027 1055 1074 inutilis
1095 1027 1247 1074 latius
1294 1028 1456 1088 primo
1497 1027 1607 1074 fusa
1655 1028 1800 1086 ratio,

112 1112 176 1163 et,
216 1104 259 1148 si
297 1117 395 1149 non
435 1103 606 1149 statim
645 1101 921 1149 rectissima
959 1101 1093 1148 linea
1130 1104 1285 1161 tensa,
1326 1101 1522 1149 facilior
1559 1103 1728 1148 tamen
1753 1104 1803 1147 et

112 1177 332 1237 apertior
370 1176 465 1222 via.
508 1175 700 1223 discant
737 1177 894 1238 igitur
933 1178 1047 1222 ante
1088 1177 1268 1235 omnia,
1310 1175 1726 1236 quadripertitam
1750 1177 1803 1221 in

67 1269 87 1301 5
113 1250 338 1297 omnibus
378 1249 536 1298 causis
579 1266 680 1297 esse
720 1251 979 1309 rationem,
1036 1266 1185 1311 quam
1223 1251 1438 1311 primam
1487 1251 1673 1296 intueri
1724 1249 1802 1296 de-

111 1324 226 1371 beat
265 1325 350 1385 qui
390 1327 591 1371 acturus
632 1327 718 1372 est.
758 1340 875 1371 nam
913 1326 973 1370 ut
1013 1339 1041 1370 a
1082 1324 1336 1371 defensore
1376 1325 1689 1385 potissimum
1728 1325 1802 1370 in-

112 1400 310 1459 cipiam,
364 1399 510 1461 longe
563 1400 838 1445 fortissima
887 1398 1062 1445 tuendi
1125 1414 1174 1445 se
1227 1400 1357 1445 ratio
1414 1400 1503 1457 est,
1559 1399 1614 1458 si,
1672 1397 1804 1458 quod

113 1472 338 1533 obicitur,
376 1473 548 1535 negari
587 1475 773 1534 potest:
814 1474 1054 1533 proxima,
1096 1473 1135 1518 si
1175 1489 1271 1519 non
1312 1473 1378 1532 id,
1419 1472 1551 1533 quod
1577 1472 1803 1531 obicitur,

111 1547 300 1594 factum
340 1562 442 1594 esse
483 1546 684 1594 dicitur:
724 1547 873 1594 tertia
912 1547 1275 1606 honestissima,
1317 1562 1413 1607 qua
1445 1549 1576 1594 recte
1616 1547 1805 1593 factum

114 1621 406 1668 defenditur.
448 1621 625 1682 quibus
666 1622 709 1668 si
748 1621 1045 1680 deficiamur,
1086 1621 1265 1667 ultima
1307 1620 1520 1682 quidem,
1573 1621 1656 1668 sed
1701 1623 1805 1667 iam

113 1695 218 1742 sola
258 1698 481 1756 superest
521 1696 653 1742 salus
695 1696 862 1756 aliquo
902 1697 1025 1742 iuris
1067 1695 1314 1742 adiutorio
1356 1695 1583 1742 elabendi
1623 1711 1680 1741 ex
1713 1695 1804 1742 cri-

111 1769 258 1825 mine,
298 1769 429 1831 quod
475 1785 631 1830 neque
671 1770 844 1833 negari
897 1786 1054 1830 neque
1111 1769 1308 1816 defendi
1361 1771 1540 1830 potest,
1595 1771 1651 1816 ut
1705 1785 1805 1816 non

111 1844 343 1891 videatur
390 1845 496 1891 iure
545 1846 674 1891 actio
725 1844 939 1891 intendi:
993 1844 1107 1890 hinc
1156 1844 1274 1890 illae
1331 1845 1643 1904 quaestiones
1701 1845 1804 1891 sive
1829 1845 1893 1890 84

113 1919 322 1965 actionis
363 1920 466 1966 sive
503 1919 860 1966 translationis.
902 1920 1018 1965 sunt
1057 1919 1188 1965 enim
1228 1918 1470 1979 quaedam
1502 1933 1601 1964 non
1632 1918 1804 1964 lauda-

70 1991 235 2042 5bilia
273 1995 467 2052 natura,
522 1992 607 2040 sed
645 1994 751 2039 iure
791 2008 1034 2051 concessa,
1088 1994 1146 2039 ut
1198 1993 1249 2038 in
1305 1992 1564 2039 duodecim
1616 1992 1803 2040 tabulis

114 2066 350 2113 debitoris
391 2082 567 2127 corpus
605 2068 736 2114 inter
775 2067 1040 2114 creditores
1075 2066 1233 2113 dividi
1264 2067 1420 2127 licuit,
1462 2081 1613 2127 quam
1643 2067 1804 2129 legem

112 2156 218 2188 mos
249 2140 476 2202 publicus
500 2141 808 2202 repudiavit:
848 2143 897 2188 et
928 2141 1118 2202 aliquid
1153 2156 1337 2200 aecum,
1379 2140 1463 2187 sed
1494 2140 1806 2201 prohibitum

111 2216 234 2274 iure,
284 2218 341 2262 ut
379 2215 584 2262 libertas
633 2218 1057 2263 testamentorum.
1115 2216 1392 2263 accusatori
1445 2215 1601 2261 nihilo
1657 2215 1804 2275 plura
1831 2218 1892 2262 85

111 2289 351 2336 intuenda
391 2292 518 2349 sunt,
569 2292 627 2336 ut
664 2289 842 2350 probet
887 2290 1076 2336 factum
1124 2305 1242 2349 esse,
1295 2290 1387 2336 hoc
1443 2304 1546 2336 esse
1601 2289 1805 2348 factum,

114 2380 214 2411 non
252 2366 383 2411 recte
422 2364 627 2421 factum,
666 2366 773 2410 iure
815 2380 865 2411 se
904 2364 1174 2410 intendere.
1215 2365 1289 2410 ita
1321 2365 1452 2411 circa
1484 2365 1668 2424 species
1702 2379 1803 2411 eas-

115 2438 223 2485 dem
287 2439 349 2484 lis
412 2439 570 2485 omnis
626 2439 905 2485 versabitur
959 2438 1216 2485 translatis
1278 2440 1478 2484 tantum
1533 2437 1804 2498 aliquando

113 2512 358 2574 partibus,
396 2514 456 2558 ut
494 2514 548 2559 in
588 2514 761 2572 causis,
819 2512 996 2573 quibus
1049 2512 1107 2558 de
1162 2514 1382 2574 praemio
1440 2513 1620 2574 agitur,
1672 2515 1805 2558 recte

114 2588 304 2633 factum
340 2588 526 2648 petitor
563 2586 755 2647 probat.

227 2660 363 2708 Haec
389 2663 626 2721 quattuor
650 2661 788 2708 velut
818 2662 1077 2721 proposita
1109 2660 1394 2722 formaeque
1421 2661 1645 2719 actionis,
1679 2676 1804 2720 quae
1831 2665 1892 2709 86

236 2777 261 2814 2
295 2772 562 2829 ambigatur
592 2772 700 2814 A¹P
818 2777 843 2814 9
875 2772 1130 2815 rationales
1162 2780 1251 2814 BP
1370 2776 1424 2814 19
1458 2771 1642 2813 dicatur
1673 2779 1710 2812 A

117 2834 173 2873 23
205 2831 316 2874 hinc
340 2832 548 2875 Badius:
570 2831 649 2874 hic
786 2837 839 2874 27
875 2832 941 2889 et]
976 2833 1046 2874 est
1079 2840 1118 2873 T
1127 2831 1143 2855 ²
1266 2835 1320 2874 30
1346 2845 1439 2874 non
1464 2832 1589 2873 recte
1615 2830 1646 2872 f.
1673 2844 1743 2873 om
1768 2837 1804 2871 A

120 2890 126 2948 Ι
161 2889 230 2933 ita
261 2904 331 2934 om
361 2898 450 2933 BP
569 2895 624 2933 34
654 2890 802 2934 veluti
832 2899 870 2932 A
