2055 3130
714 676 981 735 LIBER
1036 677 1440 745 QUINTUS.

890 900 967 946 Pr
977 915 1002 946 o
1013 915 1038 947 ο
1051 916 1072 948 e
1083 916 1127 946 m
1139 903 1157 948 i
1167 916 1199 946 u·
1211 916 1268 947 m.

457 1037 555 1095 [DE
586 1037 1069 1082 PROBATIONIBUS
1101 1039 1678 1099 INARTIFICIALIBUS]

173 1138 201 1180 1
346 1133 566 1180 Fuerunt
605 1137 653 1181 et
693 1135 815 1181 clari
854 1135 1050 1195 quidem
1092 1139 1329 1193 auctores,
1371 1136 1544 1196 quibus
1577 1137 1736 1183 solum
1774 1137 1907 1184 vide·

233 1210 369 1254 retur
408 1207 614 1254 oratoris
642 1207 857 1255 officium
897 1208 1068 1255 docere
1109 1203 1344 1273 (namque
1385 1214 1431 1256 et
1465 1209 1685 1257 adfectus
1719 1210 1906 1270 duplici
1953 1226 1972 1257 5
2028 1259 2031 1262 ,

233 1282 422 1327 ratione
463 1281 787 1328 excludendos
826 1281 1092 1342 putabant,
1132 1285 1346 1343 primum
1394 1285 1511 1344 quia
1555 1285 1735 1330 vitium
1782 1287 1908 1330 esset

232 1356 389 1401 omnis
431 1354 583 1401 animi
621 1355 943 1415 perturbatio,
998 1355 1171 1402 deinde
1212 1358 1328 1416 quia
1375 1357 1587 1403 iudicem
1634 1373 1662 1403 a
1702 1358 1908 1404 veritate

233 1427 414 1488 depelli
450 1427 799 1487 misericordia,
839 1431 1001 1491 grat-ia
1041 1429 1382 1490 similibusque
1413 1446 1511 1477 non
1552 1433 1819 1491 oporteret:
1860 1432 1909 1477 et

231 1501 540 1561 voluptatem
581 1502 888 1548 audientium
921 1505 1098 1564 petere,
1140 1518 1250 1550 cum
1275 1504 1502 1550 vincendi
1525 1507 1719 1550 tantum
1745 1505 1908 1566 gratia

232 1574 487 1633 diceretur,
527 1591 622 1622 non
663 1576 806 1623 modo
856 1578 1023 1638 agenti
1073 1592 1451 1638 supervacuum,
1500 1577 1583 1624 sed
1628 1578 1710 1623 vix
1757 1578 1907 1624 etiam
1932 1593 1974 1624 ιο

168 1650 201 1693 2
234 1650 340 1695 viro
381 1648 582 1711 dignum
630 1643 1039 1713 arbitrabantur),
1077 1650 1241 1711 plures
1296 1665 1422 1709 vero,
1464 1652 1548 1711 qui
1587 1666 1675 1697 nec
1715 1650 1775 1698 ab
1806 1651 1907 1698 illis

230 1722 332 1768 sine
385 1722 534 1769 dubio
589 1722 812 1782 partibus
861 1726 1103 1770 rationem
1158 1724 1332 1771 orandi
1386 1728 1763 1784 summoverent,
1815 1725 1907 1770 hoc

230 1797 396 1841 tamen
449 1798 705 1856 proprium
755 1799 904 1857 atque
962 1799 1280 1858 praecipuum
1330 1798 1581 1845 crederent
1627 1813 1764 1859 opus,
1818 1813 1908 1845 sua

232 1868 516 1915 confirmare
579 1872 627 1916 et
689 1886 813 1931 quae
868 1886 892 1916 e
947 1870 1138 1918 diverso
1217 1875 1608 1932 proponerentur
1674 1873 1903 1918 refutare.

167 1944 200 1987 3
234 1945 608 2003 utrumcumque
650 1948 724 1990 est
771 1947 944 2005 (neque
984 1946 1110 1991 enim
1151 1944 1242 1991 hoc
1288 1945 1394 1992 loco
1440 1961 1600 1991 meam
1645 1947 1904 2005 interpono
1931 1960 1971 1991 15
2034 2001 2043 2011 .

229 2018 562 2080 sententiam),
602 2017 680 2064 hic
720 2019 813 2064 erit
851 2017 975 2064 liber
1013 2014 1098 2079 <et
1129 2018 1303 2064 horum
1336 2016 1418 2080 et>
1440 2019 1642 2066 illorum
1675 2020 1904 2079 opinione

228 2091 437 2135 maxime
469 2091 784 2152 necessarius,
827 2107 923 2151 quo
956 2094 1061 2138 toto
1094 2092 1213 2139 haec
1247 2092 1351 2139 sola
1383 2096 1684 2139 tractantur:
1726 2091 1904 2152 quibus

230 2177 345 2209 sane
380 2166 428 2208 et
464 2179 534 2223 ea,
569 2180 695 2224 quae
736 2165 794 2211 de
826 2165 1139 2213 iudicialibus
1173 2168 1330 2213 causis
1363 2166 1459 2213 iam
1487 2165 1619 2212 dict-a
1644 2169 1774 2222 sunt,
1807 2181 1904 2212 ser-

164 2237 200 2282 4
230 2237 387 2282 viunt.
419 2253 534 2284 nam
565 2253 723 2298 neque
754 2240 993 2298 prooemii
1023 2254 1179 2299 neque
1212 2240 1508 2286 narrationis
1540 2241 1614 2286 est
1638 2238 1763 2286 alius
1787 2253 1903 2286 usus

230 2325 378 2370 quam
416 2313 473 2356 ut
511 2311 625 2357 huic
663 2311 877 2358 iudicem
915 2316 1225 2373 praeparent,
1273 2316 1320 2359 et
1369 2315 1524 2360 status
1564 2327 1703 2359 nosse
1753 2314 1902 2372 atque
1928 2328 1969 2359 20

229 2398 300 2442 ea,
340 2383 398 2429 de
438 2383 615 2445 quibus
639 2400 790 2445 supra
821 2387 1118 2446 scripsimus,
1157 2387 1341 2433 intueri
1370 2402 1730 2447 supervacuum
1761 2386 1901 2445 foret,

166 2459 199 2502 ὅ
231 2458 329 2502 nisi
368 2457 430 2503 ad
467 2458 593 2504 hanc
631 2460 1008 2519 perveniremus.
1051 2459 1259 2520 denique
1300 2475 1355 2506 ex
1396 2461 1626 2520 quinque,
1667 2475 1790 2520 quas
1828 2461 1901 2505 iu-

226 2529 419 2577 dicialis
458 2533 694 2578 materiae
727 2533 944 2592 fecimus,
982 2532 1206 2594 partibus
1241 2548 1575 2594 quaecumque
1609 2534 1708 2580 alia
1739 2535 1902 2594 potest

346 2676 371 2713 3
403 2673 582 2715 titulum
618 2674 760 2727 capiti
785 2674 819 2716 I
828 2674 1073 2728 praeponit
1107 2675 1298 2717 Vollmer
1417 2679 1444 2715 4
1469 2673 1660 2729 quidam
1679 2673 1900 2715 NBnP¹b

347 2734 370 2771 6
390 2731 590 2784 primum
621 2746 690 2774 om
722 2739 758 2772 A
909 2736 934 2774 8
959 2732 1073 2787 pelli
1105 2741 1140 2773 A
1169 2733 1174 2788 Ι
1203 2733 1355 2787 gratia
1389 2741 1444 2775 A:
1478 2732 1550 2774 vel
1581 2732 1652 2774 ira
1685 2739 1771 2773 BP

229 2792 284 2830 14
317 2802 340 2831 e
373 2789 550 2832 diverso
584 2789 664 2833 1²²:
701 2803 728 2832 a
760 2790 938 2833 diverso
972 2792 1034 2833 P¹
1065 2792 1255 2834 adverso
1289 2799 1372 2833 AB
1514 2795 1566 2833 16
1598 2791 1732 2845 suppl
1764 2791 1901 2833 Kroll

346 2851 400 2889 20
433 2847 540 2890 huic
573 2863 638 2892 om
675 2857 763 2891 BP
790 2850 902 2892 delet
935 2849 1147 2893 Kiderlin
1273 2855 1325 2892 22
1361 2850 1421 2892 ad
1451 2850 1566 2892 haec
1599 2850 1817 2893 Kiderlin
