2007 3120
679 88 735 131 Π.
770 92 840 142 12,
875 92 1033 130 ἰ’-12.
1069 92 1137 142 13,
1173 91 1301 130 1—7.
1775 88 1845 139 99

635 220 789 279 [QUIS
821 219 1030 264 MODUS
1061 219 1128 262 IN
1159 219 1355 277 ARTE]

271 301 407 348 XHI.
447 302 604 348 Nemo
632 306 797 348 autem
829 317 859 348 a
888 316 965 346 me
1000 302 1164 362 exigat
1194 300 1246 346 id
1278 303 1654 362 praeceptorum
1679 317 1846 362 genus,
1903 311 1929 354 1

162 376 294 436 quod
334 379 407 422 est
432 391 461 422 a
491 376 741 436 plerisque
774 374 1095 436 scriptoribus
1122 376 1305 421 artium
1336 375 1590 433 traditum,
1623 377 1678 421 ut
1705 376 1846 434 quasi

162 449 399 510 quasdam
439 450 572 512 leges
610 449 898 496 inmutabili
943 449 1235 496 necessitate
1277 448 1567 495 constrictas
1612 448 1846 497 studiosis

115 543 135 575 5
162 523 356 570 dicendi
394 524 572 570 feram:
623 525 796 584 utique
846 522 1153 584 prooemium
1205 526 1253 569 et
1302 522 1354 569 id
1405 523 1565 583 quale,
1620 524 1845 583 proxima

159 598 273 644 huic
311 599 549 657 narratio,
600 613 729 658 quae
769 598 847 644 lex
887 597 1060 643 deinde
1103 596 1359 656 narrandi,
1406 597 1682 657 propositio
1732 600 1847 657 post

158 671 285 718 hanc
323 671 416 730 vel,
457 675 513 718 ut
553 671 847 731 quibusdam
884 670 1087 731 placuit,
1129 671 1363 729 excursio,
1402 673 1509 717 tum
1535 674 1693 718 certus
1727 671 1845 717 ordo

159 745 506 806 quaestionum
539 748 812 806 cet-eraque,
855 761 995 806 quae,
1035 745 1171 791 velut
1203 746 1246 791 si
1277 745 1423 792 aliter
1454 745 1616 792 facere
1647 745 1723 791 fas
1747 761 1847 792 non

159 821 239 879 sit,
279 819 481 879 quidam
518 823 776 881 tamquam
814 821 939 866 iussi
977 822 1221 865 secuntur.
1276 822 1381 866 erat
1429 820 1559 865 enim
1603 819 1845 866 rhetorice
1905 827 1933 870 2

93 912 135 943 10
160 908 237 941 res
276 909 478 953 prorsus
518 894 680 941 facilis
721 909 777 942 ac
816 909 986 954 parva,
1042 895 1085 939 si
1130 909 1228 939 uno
1278 897 1325 939 et
1364 893 1501 939 brevi
1541 894 1845 954 praescripto

159 969 512 1014 contineretur:
568 967 652 1016 sed
698 971 958 1015 mutantur
1010 967 1247 1028 pleraque
1301 969 1475 1027 causis,
1524 967 1846 1028 temporibus,

159 1043 428 1101 occasione,
468 1042 771 1089 necessitate.
814 1045 962 1103 atque
1001 1041 1111 1088 ideo
1150 1057 1228 1088 res
1268 1042 1321 1087 in
1361 1044 1554 1088 oratore
1579 1043 1846 1103 praecipua-

159 1116 418 1163 consih'um
459 1120 545 1175 est,
586 1117 705 1177 quia
745 1116 879 1163 varie
921 1119 970 1163 et
1011 1116 1073 1162 ad
1110 1132 1274 1162 rerum
1312 1119 1564 1162 momenta
1604 1116 1847 1162 converti-

156 1193 252 1236 tur.
306 1190 424 1250 quid
472 1191 514 1237 si
554 1192 686 1237 enim
733 1190 1008 1252 praecipias
1055 1190 1367 1251 imperatori,
1415 1191 1642 1251 quotiens
1692 1190 1847 1236 aciem
1901 1198 1931 1241 3

90 1282 132 1315 15
156 1265 392 1324 instruet,
455 1264 648 1326 derigat
710 1265 945 1324 frontem,
1002 1280 1185 1311 cornua
1239 1265 1489 1325 utrimque
1542 1268 1846 1324 promoveat,

158 1339 346 1398 equites
394 1355 484 1399 pro
527 1339 753 1386 cornibus
801 1337 964 1386 locet‘?
1016 1338 1110 1385 erit
1155 1339 1276 1385 haec
1325 1337 1524 1399 quidem
1571 1339 1846 1385 rectissima

158 1412 366 1459 fortasse
407 1415 550 1471 ratio,
593 1415 821 1473 quotiens
862 1413 1046 1472 licebit,
1088 1413 1171 1459 sed
1209 1412 1484 1459 muta-bitur
1515 1420 1695 1459 natura
1735 1414 1846 1472 loci,

156 1488 199 1533 si
222 1503 362 1534 mons
396 1491 630 1546 occurret,
671 1489 713 1534 si
743 1488 925 1534 flumen
958 1487 1187 1547 obstabit,
1221 1487 1442 1545 collibus,
1476 1487 1630 1547 silvis,
1664 1489 1844 1548 asperi-

155 1564 259 1608 tate
316 1561 415 1608 alia
470 1561 827 1623 prohibebitur.
881 1561 1097 1608 mutabit
1143 1561 1363 1608 hostium
1410 1576 1585 1623 genus,
1631 1560 1846 1609 mutabit
1905 1567 1934 1611 4

90 1653 132 1684 20
156 1636 432 1695 praesentis
473 1637 694 1683 condicio
742 1636 1062 1683 discriminis:
1117 1651 1247 1682 nunc
1295 1635 1397 1682 acie
1454 1635 1662 1696 derecta,
1716 1651 1844 1683 nunc

157 1712 338 1769 cuneis,
385 1726 513 1756 nunc
563 1710 776 1769 auxiliis,
823 1726 952 1757 nunc
998 1710 1193 1772 legione
1239 1709 1557 1772 pugnabitur,
1604 1725 1844 1756 nonnum-

156 1800 303 1844 quam
365 1788 506 1847 terga
563 1785 712 1831 etiam
769 1784 959 1832 dedisse
1015 1784 1246 1832 simulata
1301 1785 1422 1846 fuga
1476 1784 1709 1845 proderit.
1772 1785 1845 1831 ita
1905 1792 1933 1835 5

153 1859 463 1918 prooemium
494 1860 827 1906 necessarium
861 1875 924 1906 an
956 1873 1332 1919 supervacuum,
1371 1858 1518 1905 breve
1544 1874 1607 1904 an
1631 1859 1845 1921 longius,

156 1932 219 1978 ad
257 1932 470 1980 iudicem
518 1933 650 1980 omni
706 1948 928 1980 sermone
983 1933 1178 1979 derecto
1234 1948 1297 1979 an
1352 1932 1619 1994 aliquando
1672 1948 1843 1980 averso

88 2024 129 2055 25
154 2022 243 2067 per
283 2006 502 2068 aliquam
550 2007 762 2069 figuram
810 2007 1070 2055 dicendum
1117 2008 1196 2066 sit,
1253 2006 1516 2053 constricta
1575 2023 1638 2053 an
1692 2007 1843 2054 latius

153 2084 265 2127 fusa
303 2082 542 2141 narratio,
582 2083 818 2128 continua
858 2097 919 2128 an
962 2080 1136 2140 divisa,
1175 2084 1311 2127 recta
1351 2096 1416 2127 an
1448 2081 1618 2127 ordine
1651 2097 1842 2141 permu-

152 2158 275 2214 tato,
300 2171 476 2203 causae
509 2156 770 2215 docebunt,
801 2158 1019 2216 itemque
1052 2155 1110 2202 de
1143 2156 1490 2216 quaestionum
1524 2155 1708 2215 ordine,
1735 2171 1841 2202 cum
1902 2164 1930 2206 6

152 2229 206 2276 111
257 2230 428 2276 eadem
476 2232 811 2277 controversia
860 2230 996 2276 aliud
1035 2230 1124 2276 alii
1163 2230 1297 2291 parti
1342 2231 1478 2291 prius
1531 2231 1703 2290 quaeri
1748 2232 1843 2276 fre-

154 2307 361 2364 quenter
401 2304 642 2365 expediat.
683 2320 839 2366 neque
882 2306 1011 2351 enim
1050 2304 1392 2367 rogationibus
1439 2304 1661 2365 plebisve
1708 2304 1842 2352 scitis

88 2394 131 2425 30
156 2381 326 2425 sancta
367 2381 484 2425 sunt
522 2380 620 2426 ista
659 2382 938 2440 praecepta,
993 2378 1076 2426 sed
1123 2379 1230 2437 hoc,
1283 2378 1526 2439 quidquid
1575 2382 1660 2438 est,
1708 2379 1841 2425 utili-

153 2455 230 2498 tas
271 2453 584 2515 excogitavit.
625 2469 723 2500 non
764 2453 955 2515 negabo
997 2457 1164 2500 autem
1205 2454 1272 2500 sic
1313 2452 1437 2499 utile
1480 2468 1581 2500 esse
1628 2453 1841 2513 plerum-

155 2541 263 2586 que,
318 2527 508 2587 alioqui
560 2543 649 2575 nec
697 2528 972 2576 scriberem.
1035 2543 1208 2574 verum
1256 2526 1298 2573 si
1346 2527 1516 2574 eadem
1561 2527 1651 2573 illa
1702 2526 1842 2574 nobis

1907 2460 1929 2502 &l

274 2673 297 2710 7
341 2670 452 2710 tunc
495 2675 532 2709 A
685 2672 709 2710 9
754 2670 999 2722 tamquam
1040 2667 1174 2725 111881]
1219 2670 1402 2710 tantum
1451 2670 1680 2723 quantum
1726 2667 1843 2710 iussi

155 2726 220 2768 sic
251 2735 288 2767 A
429 2732 485 2770 14
525 2726 638 2781 quid
679 2727 804 2769 enim
848 2728 887 2770 81
926 2735 970 2769 P
1120 2733 1174 2770 15
1213 2727 1418 2770 instruat
1456 2730 1527 2783 A}
1565 2729 1620 2769 ut
1667 2726 1841 2783 dirigat

153 2785 331 2828 Aldina
376 2785 579 2842 (derigat-
617 2787 704 2830 soli
731 2793 786 2829 N
807 2788 903 2841 Bu)
1028 2790 1082 2829 17
1114 2786 1332 2844 fortasse]
1366 2787 1485 2829 forte
1517 2794 1554 2827 A
1594 2788 1599 2839 Ι
1637 2786 1842 2828 mutabit

154 2845 389 2888 Francius
481 2850 535 2888 18
568 2845 606 2888 81
640 2845 837 2888 collibus
862 2846 1040 2890 Aldina
1136 2846 1267 2904 203‘24
1299 2846 1477 2889 directa
1501 2852 1541 2889 et
1566 2845 1742 2888 directo
1759 2853 1844 2887 ΑΡ

274 2908 327 2946 31
358 2903 525 2948 utilem
556 2905 662 2947 ΒΡ1

1519 2979 1572 3020 7*
