2012 3151
772 71 844 114 VI.
881 75 920 124 3,
954 75 1142 114 57—67.
1693 72 1795 122 341

119 211 333 258 misisset
373 211 641 273 Augustus,
698 212 783 271 qui
831 212 876 256 ei
923 209 1108 256 diceret
1165 206 1272 271 ‘ego
1314 212 1357 256 si
1395 209 1636 270 prandere
1675 211 1801 267 volo,

120 285 319 331 domum
360 280 458 331 eo':
501 280 575 330 ‘tu
614 279 779 344 enim',
818 285 996 344 inquit,
1047 279 1162 330 ‘non
1202 285 1346 329 times
1387 298 1447 328 ne
1486 283 1648 330 locum
1694 299 1802 342 per-

120 354 242 406 das’.
284 374 341 405 ex
381 360 626 405 contrario
674 373 771 404 non
826 373 926 403 una
980 352 1178 417 species.
1235 372 1392 417 neque
1450 357 1580 402 enim
1635 356 1800 403 eodem
1830 356 1892 399 64

118 432 263 479 modo
282 431 406 478 dixit
425 432 677 494 Augustus
699 431 964 491 praefecto,
983 447 1126 491 quem
1145 426 1325 493 <011111>
1342 431 1616 493 ignominia
1639 432 1801 476 1111110-

76 525 94 556 5
120 505 220 565 bat,
262 504 467 552 subinde
507 507 841 566 interponenti
880 505 1105 565 precibus
1148 500 1285 565 ‘quid
1325 503 1630 564 respondebo
1670 506 1804 564 patri

0 878 94 923 Ἰ1ο

51 1633 93 1664 20

119 575 282 626 meo‘?’
328 575 423 626 ‘dic
464 595 541 626 me
579 579 674 626 tibi
714 574 1058 639 displicuisse'‚
1100 594 1195 639 quo
1222 576 1392 625 Gabba
1423 577 1689 638 paenulam
1728 593 1804 624 ro-

120 654 261 716 ganti
300 648 417 700 ‘non
457 668 657 714 possum
699 653 1022 712 commodare,
1069 653 1204 700 domi
1248 648 1458 711 maneo',
1507 667 1615 698 cum
1665 666 1804 697 cena-

120 728 280 773 culum
324 729 427 774 eius
467 728 761 788 perplueret.
801 729 1006 773 tertium
1045 726 1204 773 adhuc
1246 726 1386 784 illud,
1426 727 1523 772 nisi
1563 725 1709 785 quod,
1749 729 1803 771 111

118 817 178 848 110
219 804 467 848 auctorem
508 817 703 861 ponam,
744 800 1039 848 verecundia
1078 802 1233 860 ipsius
1275 801 1418 846 facit:
1475 795 1805 846 ‘libidinosior

120 891 168 922 es
211 890 359 935 quam
398 875 530 922 ullus
571 870 761 936 spado',
803 890 897 935 quo
939 875 1042 921 sine
1083 874 1230 920 dubio
1271 878 1321 920 et
1346 875 1511 934 opinio
1545 873 1804 933 decipitur,

120 948 202 996 sed
244 965 301 994 ex
343 950 602 996 contrario.
656 951 705 996 et
755 949 847 996 1100
900 964 957 994 ex
1012 948 1182 995 eodem
1231 948 1339 995 1000
1396 950 1482 1007 est,
1539 947 1623 994 sed
1677 948 1807 993 nulli

118 1024 338 1083 priorum
379 1023 551 1082 simile,
593 1023 723 1084 quod
764 1022 889 1068 dixit
920 1022 983 1068 M.
1017 1021 1266 1078 Vestinus,
1307 1037 1416 1068 011111
1451 1023 1497 1067 01
1519 1023 1805 1067 nuntiatum

119 1100 246 1143 esset
272 1118 294 1136 ι
325 1115 348 1137 *
374 1093 407 1148 ζ
409 1100 638 1144 necatum
664 1093 816 1159 esse),
852 1092 1137 1156 ‘aliquando
1172 1096 1362 1142 desinet
1386 1091 1593 1156 putere⁷.
1637 1110 1805 1142 onera-
1831 1096 1892 1139 65

120 1170 182 1217 bo
224 1170 406 1217 librum
447 1172 680 1231 exemplis
722 1170 1030 1230 similemque
1070 1172 1146 1229 iis,
1189 1171 1274 1230 qui
1312 1171 1440 1216 risus
1483 1171 1645 1232 gratia
1678 1185 1803 1216 com-

75 1264 93 1294 5
118 1247 384 1305 ponuntur,
425 1244 651 1305 efficiam,
707 1247 748 1292 si
794 1246 1025 1305 persequi
1072 1244 1274 1291 voluero
1324 1244 1520 1305 singula
1568 1247 1802 1290 veterum.

230 1319 304 1365 Ex
346 1319 569 1366 omnibus
618 1322 1017 1381 argumentorum
1074 1319 1194 1365 locis
1250 1317 1417 1364 eadem
1475 1319 1665 1365 occasio
1719 1320 1803 1364 est.

117 1408 233 1439 nam
275 1396 323 1439 et
361 1392 583 1440 finitione
615 1408 732 1440 usus
765 1396 839 1440 est
869 1393 1125 1455 Augustus
1159 1392 1216 1438 de
1248 1392 1567 1453 pantomimis
1601 1391 1805 1450 duobus,

119 1469 205 1527 qui
252 1467 455 1513 alternis
504 1467 723 1529 gestibus
781 1466 1154 1525 contendebant,
1210 1482 1321 1512 cum
1373 1482 1539 1513 eorum
1592 1466 1804 1512 alterum

118 1541 350 1588 saltorem
413 1541 558 1601 dixit,
631 1542 841 1588 0110111111
910 1540 1349 1602 interpellatorem,
1421 1544 1468 1587 01
1538 1541 1806 1601 partitione
1833 1541 1894 1584 66

120 1614 306 1676 Gabba,
347 1631 454 1663 cum
496 1617 760 1676 paenulam
799 1617 999 1678 roganti
1036 1614 1314 1676 respondit:
1371 1611 1486 1661 ‘non
1525 1615 1669 1675 pluit,
1709 1630 1807 1661 non

120 1704 245 1749 opus
285 1693 356 1736 est
396 1689 511 1736 tibi:
553 1692 594 1736 si
633 1690 785 1750 pluet,
825 1692 930 1750 ipse
970 1684 1117 1736 utar’.
1159 1688 1363 1749 proinde
1398 1704 1588 1751 genere,
1629 1690 1806 1749 specie,

118 1763 344 1824 propriis,
401 1763 761 1823 differentibus,
809 1763 1009 1825 iugatis,
1065 1763 1325 1823 adiunctis,
1379 1762 1807 1824 consequentibus,

114 1837 535 1898 antecedentibus,
567 1838 972 1900 repugnantibus,
1007 1837 1180 1897 causis,
1215 1837 1413 1897 effectis,
1439 1838 1806 1898 comparatione

119 1911 336 1971 parium,
406 1914 672 1972 maiorum,
726 1914 972 1958 minorum
1036 1912 1211 1958 similis
1263 1913 1473 1957 materia
1527 1911 1806 1972 praebetur,

51 2004 92 2033 25
118 1987 245 2032 sicut
284 1987 336 2032 in
375 1989 544 2046 tropos
587 2002 780 2047 quoque
822 1987 979 2033 omnis
1021 1986 1164 2033 cadit.
1223 2002 1286 2032 an
1327 2001 1420 2032 non
1471 1985 1686 2047 plurima
1735 1985 1805 2032 di·
1833 1986 1891 2029 6?

118 2063 296 2106 cuntur
334 2056 457 2122 <per
496 2060 797 2121 hyperbolen
838 2058 1082 2107 ridicula?
1131 2055 1224 2122 ut>
1264 2059 1392 2121 quod
1433 2060 1584 2106 refert
1638 2058 1806 2106 Cicero

116 2133 175 2179 de
221 2134 418 2181 homine
457 2135 748 2197 praelongo,
806 2131 973 2195 ‘caput
1028 2150 1136 2180 eum
1194 2134 1255 2180 ad
1308 2134 1544 2181 fornicem
1596 2133 1807 2179 Fabium

116 2204 410 2266 offendisse',
452 2212 501 2256 et
534 2209 663 2270 quod
690 2208 740 2255 P.
768 2207 956 2269 Oppius
997 2208 1123 2255 dixit
1163 2208 1220 2255 de
1260 2224 1437 2271 genere
1467 2207 1806 2267 Lentulorum,

119 2297 229 2328 cum
286 2283 481 2329 assidue
534 2285 747 2330 minores
788 2282 1077 2344 parentibus
1125 2282 1269 2330 liberi
1309 2285 1485 2342 essent,
1543 2278 1804 2329 ‘nascendo

235 2473 288 2510 *26
322 2468 391 2511 De
424 2472 538 2511 orat.
576 2474 613 2521 2,
651 2474 718 2521 66,
754 2474 836 2511 267

235 2652 261 2688 4
295 2660 399 2688 cum
432 2647 525 2690 add
558 2649 772 2691 Burman
800 2648 805 2704 Ι
833 2647 1073 2704 mittebat]
1114 2647 1312 2690 notabat
1344 2655 1388 2688 P
1582 2651 1604 2688 6
1640 2645 1805 2688 Gabba

117 2706 374 2758 Buecheler,
400 2707 503 2749 item
521 2711 596 2749 20:
631 2706 773 2762 galba
795 2706 1000 2762 (galbam
1018 2708 1091 2749 hie
1114 2709 1164 2761 Γ)
1289 2710 1314 2749 8
1346 2706 1438 2748 nisi
1463 2706 1587 2759 quod
1613 2706 1805 2748 Becher:

117 2764 155 2805 si
189 2764 313 2819 quod
336 2773 470 2807 ΛΕΜ
499 2766 537 2808 si
570 2766 760 2820 quidem
793 2774 876 2808 ΡΓ
994 2770 1046 2808 13
1079 2767 1295 2808 necatum
1323 2778 1421 2816 esse
1454 2766 1547 2808 add
1579 2764 1806 2820 Spalding

236 2829 289 2865 21
315 2823 449 2879 pluet
482 2825 637 2868 Valla:
661 2824 784 2880 pluit
907 2831 961 2868 25
989 2825 1117 2868 cadit
1141 2825 1192 2878 ef
1209 2825 1273 2866 ΠΙ
1300 2830 1337 2876 7,
1366 2829 1389 2866 6
1514 2828 1567 2866 26
1600 2824 1806 2879 supplevi

123 2883 128 2939 ζ
162 2883 287 2938 quod
320 2891 418 2926 AG:
454 2897 542 2938 que
576 2892 706 2926 PI'JI
