2055 3130
239 88 342 139 122
787 86 1160 140 QVINTILIANI
1189 85 1338 130 INST.
1373 85 1465 130 ΟΒ.

242 227 466 285 similem,
506 226 656 273 etiam
694 226 991 286 disputatrix
1029 226 1185 273 virtus
1226 225 1338 272 erit:
1379 225 1499 271 adeo
1540 225 1598 271 de
1637 225 1741 284 hac,
1782 240 1905 286 quae

240 301 503 360 speciosior
543 301 688 359 atque
728 301 944 359 apertior
981 301 1120 345 tanto
1161 302 1250 358 est,
1289 299 1413 345 nihil
1453 297 1771 345 dubitabitur.

182 373 213 417 8
350 371 444 419 Sed
483 373 674 434 plenius
713 373 805 419 hoc
843 371 974 418 idem
1013 374 1160 432 atque
1201 373 1415 432 apertius
1462 372 1644 417 intueri
1691 387 1747 416 ex
1783 372 1904 432 ipsis

239 445 464 506 operibus
504 446 629 492 volo.
681 460 795 491 nam
835 445 954 505 quid
992 449 1159 492 orator
1208 447 1260 491 in
1309 444 1554 491 laudando
1608 444 1757 491 faciet
1809 445 1906 491 nisi

237 519 552 566 honestorum
592 519 639 564 et
676 520 894 579 turpium
933 516 1158 579 peritus?
1200 520 1286 564 aut
1322 520 1376 565 in
1407 517 1653 565 suadendo
1686 518 1784 564 nisi
1806 517 1904 563 uti·
1951 533 1969 565 5

236 593 377 639 litate
418 589 705 653 perspecta?
758 593 845 638 aut
883 591 930 637 in
971 591 1186 649 iudiciis,
1226 593 1268 638 si
1305 591 1525 638 iustitiae
1567 592 1632 636 sit
1670 588 1903 652 ignarus?

237 664 388 725 quid‘?
439 680 535 711 non
583 664 925 711 fortitudinem
973 665 1196 725 postulat
1242 680 1319 711 res
1373 663 1556 723 eadem,
1606 679 1715 711 cum
1761 679 1905 724 saepe

237 741 407 785 contra
459 737 767 784 turbulentas
819 738 992 798 populi
1041 739 1214 798 minas,
1271 753 1413 798 saepe
1469 754 1578 785 cum
1633 737 1906 798 pericu-losa

235 813 514 871 potentium
570 811 765 870 offensa,
832 827 1221 871 nonnumquam,
1275 813 1333 857 ut
1389 811 1570 857 iudicio
1622 810 1903 869 Miloniano,

234 887 364 932 inter
404 884 698 931 circumfusa
735 884 947 930 militum
990 899 1127 930 arma
1159 883 1416 931 dicendum
1455 885 1541 931 sit:
1582 885 1651 943 ut,
1683 884 1726 930 si
1747 883 1904 930 virtus
1930 900 1971 931 10
2044 878 2055 909 >³

178 957 330 1004 9non
373 961 459 1009 est,
499 974 559 1004 ne
598 958 816 1018 perfecta
864 957 1060 1018 quidem
1108 972 1209 1005 esse
1255 959 1412 1018 possit
1462 958 1631 1003 oratio.
1688 956 1819 1017 quod
1864 956 1906 1004 si

237 1047 292 1078 ea
331 1033 382 1078 in
423 1047 616 1092 quoque
655 1031 943 1077 animalium
990 1034 1064 1078 est
1113 1032 1288 1089 virtus,
1338 1046 1434 1092 qua
1479 1033 1700 1090 praestat
1747 1033 1906 1077 cetera

236 1105 313 1151 vel
350 1105 598 1165 pleraque,
637 1107 695 1151 ut
733 1104 784 1150 in
823 1105 961 1151 leone
1000 1106 1226 1165 impetus,
1266 1105 1318 1150 in
1358 1119 1481 1164 equo
1526 1104 1771 1162 velocitas,
1821 1103 1905 1150 ho-

235 1179 415 1224 minem
453 1193 598 1238 porro
638 1179 827 1224 ratione
870 1180 1016 1238 atque
1057 1179 1277 1224 oratione
1318 1178 1549 1224 excellere
1595 1177 1766 1224 ceteris
1808 1192 1906 1223 cer-

235 1254 340 1298 tum
382 1255 475 1298 est:
532 1267 616 1297 cur
664 1267 761 1297 non
814 1254 919 1297 tam
969 1252 1019 1298 in
1075 1251 1354 1311 eloquentia
1411 1266 1555 1311 quam
1611 1250 1662 1295 in
1714 1251 1905 1296 ratione
1931 1264 1971 1296 15

234 1325 468 1372 virtutem
509 1326 610 1372 eius
651 1341 752 1372 esse
785 1325 1054 1384 credamus,
1093 1327 1320 1384 recteque
1352 1325 1443 1370 hoc
1468 1324 1598 1384 apud
1627 1322 1906 1370 Ciceronem

235 1399 413 1445 dixerit
475 1397 699 1445 Crassus:
771 1395 863 1444 ‘est
939 1399 1069 1444 enim
1138 1398 1420 1458 eloquentia
1493 1413 1590 1443 una
1667 1397 1906 1457 quaedam

236 1472 293 1518 de
364 1471 564 1519 summis
626 1467 930 1530 virtutibus’,
981 1474 1029 1518 et
1089 1473 1193 1531 ipse
1258 1470 1423 1517 Cicero
1480 1486 1508 1517 a
1562 1485 1650 1517 sua
1700 1486 1906 1531 persona

235 1561 346 1592 cum
380 1545 440 1591 ad
472 1545 685 1591 Brutum
716 1545 767 1591 in
800 1546 1022 1605 epistulis
1056 1548 1162 1591 tum
1195 1545 1305 1592 aliis
1339 1545 1490 1591 etiam
1520 1544 1639 1591 locis
1672 1545 1906 1590 virtutem

148 1617 212 1661 10
237 1634 343 1665 eam
394 1617 644 1680 appellet?
698 1621 750 1665 at
795 1620 1099 1680 prooemium
1152 1617 1416 1678 aliquando
1471 1633 1527 1664 ac
1573 1617 1906 1664 narrationem
1931 1633 1972 1663 20

235 1692 364 1740 dicet
401 1693 559 1739 malus
599 1692 744 1739 homo
786 1695 834 1738 et
873 1694 1176 1754 argumenta,
1227 1693 1296 1738 sic
1350 1694 1407 1737 ut
1457 1691 1581 1737 nihil
1632 1691 1696 1738 sit
1745 1691 1796 1737 in
1844 1692 1905 1737 iis

234 1765 593 1826 requirendum.
631 1781 746 1812 nam
787 1770 832 1812 et
873 1766 1000 1812 latro
1040 1764 1281 1828 pugnabit
1321 1765 1512 1824 acriter,
1552 1765 1708 1811 virtus
1739 1766 1905 1812 tamen

234 1841 327 1886 erit
366 1839 619 1899 fortitudo,
661 1843 708 1886 et
746 1842 992 1886 tormenta
1031 1840 1134 1886 sine
1167 1838 1354 1900 gemitu
1384 1839 1507 1884 feret
1531 1838 1691 1885 malus
1724 1852 1906 1896 servus,

234 1913 500 1959 tolerantia
524 1915 687 1959 tamen
723 1913 904 1960 doloris
937 1912 1082 1959 laude
1115 1928 1203 1958 sua
1233 1927 1330 1958 non
1363 1911 1561 1958 carebit.
1594 1911 1751 1957 multa
1782 1910 1906 1957 fiunt

235 1986 418 2045 eadem,
459 1986 542 2033 sed
583 1987 739 2033 aliter.
781 1985 1027 2033 sufficiant
1064 1985 1218 2047 igitur
1255 1985 1390 2039 haec,
1431 1986 1548 2045 quia
1589 1985 1645 2031 de
1683 1984 1904 2032 utilitate
1930 1999 1970 2031 25

234 2075 382 2120 supra
421 2060 756 2107 tractavimus.

727 2154 907 2211 [QUAE
939 2155 1213 2197 MATERIA
1243 2154 1411 2211 EIUS]

179 2262 205 2305 1
344 2251 471 2296 XXI.
512 2249 823 2296 Materiam
861 2250 1127 2296 rhetorices
1169 2249 1369 2309 quidam
1401 2248 1627 2295 dixerunt
1666 2264 1768 2295 esse
1800 2263 1904 2296 ora-

233 2325 433 2381 tionem,
475 2339 571 2384 qua
609 2325 661 2369 in
700 2323 942 2371 sententia
981 2325 1185 2384 ponitur
1224 2322 1354 2383 apud
1392 2321 1650 2369 Platonem
1683 2321 1903 2384 Gorgias.

234 2414 360 2459 quae
401 2398 443 2444 si
481 2397 552 2443 ita
593 2396 844 2457 accipitur,
892 2399 948 2442 ut
987 2412 1144 2443 sermo
1186 2411 1490 2456 quacumque
1531 2396 1589 2442 de
1629 2411 1678 2441 re
1712 2411 1901 2456 compo·
1929 2411 1970 2441 30

234 2473 357 2518 situs
391 2471 583 2517 dicatur
615 2470 787 2528 oratio,
818 2486 916 2516 non
948 2469 1168 2529 materia,
1202 2469 1285 2516 sed
1317 2484 1437 2528 opus
1471 2471 1556 2528 est,
1588 2471 1644 2515 ut
1676 2469 1904 2516 statuarii

234 2548 422 2604 statua,
463 2560 574 2590 nam
617 2547 664 2590 et
705 2545 862 2590 oratio
904 2543 1114 2590 efficitur
1152 2546 1257 2589 arte
1299 2543 1427 2588 sicut
1465 2545 1642 2589 statua.
1699 2543 1774 2588 sin
1814 2542 1902 2588 hac

354 2659 404 2696 17
462 2631 684 2697 oen—orat.
736 2657 776 2707 3,
822 2658 889 2707 14,
938 2659 991 2696 55
1042 2679 1099 2685 —
1149 2657 1201 2695 19
1248 2652 1333 2709 frg.
1384 2666 1453 2708 ep.
1502 2652 1607 2694 VIII
1655 2657 1708 2695 14
1751 2652 1812 2694 M.
1847 2679 1902 2683 —

232 2718 287 2756 29
322 2712 455 2769 Gorg.
489 2729 518 2768 p
552 2718 635 2756 449
668 2713 718 2756 E.

350 2821 374 2858 5
417 2818 462 2859 et
500 2824 557 2859 A:
592 2830 645 2859 ac
683 2823 772 2858 BP
919 2820 971 2857 16
1005 2814 1103 2857 eius
1136 2828 1205 2858 om
1236 2822 1272 2855 A
1426 2818 1478 2856 18
1512 2827 1539 2857 a
1571 2827 1639 2857 om
1670 2821 1760 2856 BP

232 2880 285 2918 21
321 2875 436 2918 dicit
466 2883 554 2917 BP
671 2880 724 2917 32
761 2874 831 2917 sin
855 2881 911 2916 A:
946 2874 985 2916 si
1016 2887 1108 2916 non
1138 2881 1184 2915 Β
1213 2873 1253 2915 si
1283 2886 1389 2916 vero
1422 2881 1466 2915 P
