2055 3130
268 60 375 112 332
761 60 1136 112 QVINTILIANI
1166 61 1316 105 INST.
1351 62 1443 106 ΟΒ.

268 199 537 247 ostendent.
577 214 692 245 nam
727 201 774 246 et
805 200 1060 247 urbanitas
1085 200 1277 261 dicitur,
1318 217 1414 261 qua
1447 202 1641 262 quidem
1673 201 1938 264 significari

268 273 411 320 video
451 288 720 320 sermonem
758 273 1116 333 praeferentem
1161 274 1212 319 in
1259 274 1417 321 verbis
1470 278 1518 321 et
1571 290 1687 322 sono
1745 277 1794 322 et
1845 291 1938 322 usu

269 347 524 408 proprium
564 345 809 406 quendam
850 349 1048 408 gustum
1087 347 1220 394 urbis
1263 351 1311 394 et
1350 350 1598 408 sumptam
1645 364 1701 394 ex
1741 363 1937 395 conver-

269 420 458 466 satione
498 419 752 465 doctorum
783 421 988 466 tacitam
1020 420 1357 480 eruditionem,
1398 420 1604 481 denique
1638 421 1715 468 cui
1747 424 1936 468 contra-

181 493 242 538 18
266 492 342 538 ria
380 492 444 540 sit
489 491 753 539 rusticitas.
800 496 1062 540 venustum
1108 509 1231 553 esse,
1280 493 1409 554 quod
1455 509 1565 540 cum
1611 495 1774 556 gratia
1819 510 1936 555 qua-

268 565 382 612 dam
422 568 470 612 et
509 580 681 612 venere
723 565 938 625 dicatur,
993 569 1210 627 apparet.
1263 567 1446 614 salsum
1484 568 1535 613 in
1590 568 1938 614 consuetudine

267 654 355 699 pro
394 638 602 685 ridiculo
634 640 830 684 tantum
864 640 1151 699 accipimus:
1192 643 1369 686 natura
1400 655 1498 687 non
1529 642 1702 701 utique
1725 640 1818 688 hoc
1851 644 1937 700 est,

269 727 563 772 quamquam
584 714 633 757 et
649 711 858 758 ridicula
872 728 975 760 esse
993 715 1218 773 oporteat
1235 714 1375 760 salsa.
1401 729 1516 759 nam
1535 716 1583 760 et
1602 713 1766 760 Cicero
1782 729 1939 773 omne,

268 784 400 845 quod
432 785 614 832 salsum
639 786 718 844 sit,
745 786 815 832 ait
848 801 950 833 esse
982 786 1275 848 Atticorum,
1307 803 1404 833 non
1439 788 1553 847 quja
1586 790 1700 833 sunt
1729 787 1938 834 maxime

269 858 331 904 ad
369 863 520 906 risum
560 859 833 918 compositi,
874 862 922 906 et
962 858 1199 920 Catullus,
1238 876 1347 906 cum
1388 860 1525 906 dicit:

621 927 777 978 ‘nulla
817 935 889 980 est
927 934 979 979 in
1019 949 1220 994 corpore
1259 934 1385 980 mica
1424 930 1578 992 salis’,

180 1005 242 1048 19
267 1020 364 1052 non
402 1005 493 1052 hoc
534 1005 666 1064 dicit,
706 1005 831 1052 nihil
869 1007 920 1053 in
961 1022 1161 1067 corpore
1210 1009 1312 1053 eius
1360 1022 1462 1054 esse
1511 1007 1785 1054 ridiculum.
1843 1007 1936 1054 sal-

267 1093 374 1125 sum
413 1078 568 1140 igitur
607 1081 713 1136 erit,
754 1079 883 1140 quod
923 1096 1019 1126 non
1060 1080 1155 1126 erit
1199 1081 1462 1138 insulsum,
1509 1081 1645 1127 velut
1693 1079 1939 1140 quoddam

267 1151 474 1212 simplex
514 1154 752 1199 orationis
793 1153 1171 1212 condimentum,
1220 1153 1351 1213 quod
1392 1155 1602 1200 sentitur
1640 1154 1826 1200 latente
1865 1155 1938 1200 iu-

268 1225 393 1272 dicio
434 1226 569 1272 velut
607 1227 792 1286 palato,
833 1227 1109 1287 excitatque
1149 1230 1198 1273 et
1238 1242 1266 1273 a
1303 1227 1468 1274 taedio
1508 1226 1727 1274 defendit
1758 1229 1937 1274 oratio-

266 1314 390 1345 nem.
432 1299 557 1346 sales
598 1301 742 1357 enim,
789 1302 844 1346 ut
882 1300 967 1346 ille
1006 1301 1058 1346 in
1097 1300 1217 1347 cibis
1257 1301 1404 1360 paulo
1443 1300 1696 1347 liberalius
1744 1300 1937 1361 adsper-

268 1387 363 1430 sus,
412 1372 452 1418 si
499 1375 664 1420 tamen
704 1388 801 1420 non
841 1375 907 1420 sit
945 1373 1232 1433 inmodicus,
1284 1373 1444 1420 adfert
1484 1373 1673 1435 aliquid
1711 1376 1938 1435 propriae

268 1446 555 1506 voluptatis,
587 1447 659 1493 ita
684 1447 736 1492 hi
761 1463 953 1507 quoque
985 1448 1036 1492 in
1069 1447 1272 1494 dicendo
1305 1447 1488 1494 habent
1520 1447 1769 1508 quiddam,
1810 1447 1938 1508 quod

178 1518 242 1563 20
265 1519 404 1566 nobis
446 1520 599 1566 faciat
639 1520 868 1566 audiendi
907 1521 1054 1567 sitim.
1103 1521 1318 1567 facetum
1365 1536 1557 1582 quoque
1603 1537 1700 1567 non
1745 1524 1939 1568 tantum

267 1594 397 1639 circa
436 1592 647 1640 ridicula
687 1595 862 1654 opinor
901 1596 1186 1653 consistere,
1237 1610 1393 1655 neque
1434 1595 1563 1640 enim
1610 1594 1792 1641 diceret
1837 1594 1936 1642 Ho-
1963 1612 1980 1642 2

266 1667 436 1726 ratius,
499 1667 713 1713 facetum
775 1669 1004 1714 carminis
1060 1683 1212 1729 genus
1268 1670 1446 1714 natura
1501 1683 1781 1715 concessum
1836 1684 1939 1716 esse

266 1739 502 1800 Vergilio.
552 1740 736 1788 decoris
783 1741 909 1788 hanc
956 1743 1113 1804 magis
1169 1746 1215 1788 et
1267 1741 1486 1788 excultae
1538 1741 1790 1788 cuiusdam
1845 1741 1940 1789 616-

267 1813 464 1876 gantiae
506 1814 889 1875 appellationem
939 1818 1072 1876 puto.
1128 1815 1335 1875 ideoque
1381 1817 1433 1861 in
1489 1815 1714 1876 epistulis
1772 1814 1938 1863 Cicero

267 1887 385 1934 haec
436 1887 583 1934 Bruti
630 1888 781 1934 refert
828 1887 998 1935 verba:
1052 1885 1130 1934 ‘ne
1184 1889 1260 1934 illi
1315 1892 1431 1936 sunt
1484 1889 1629 1949 pedes
1684 1889 1834 1936 faceti
1884 1904 1939 1936 ac

268 1960 456 2007 deliciis
495 1961 803 2023 ingrediendi
840 1958 1047 2009 molles'.
1101 1962 1229 2022 quod
1271 1964 1498 2009 convenit
1549 1978 1659 2008 cum
1705 1962 1792 2010 illo
1838 1962 1938 2009 Ho-
1965 1978 1982 2007 ‘2

266 2034 482 2081 ratiano:

601 2104 766 2155 ‘molle
807 2112 956 2169 atque
997 2109 1210 2156 facetum
1250 2106 1488 2171 Vergilio'
1536 2136 1597 2141 —

182 2178 243 2223 21
270 2183 433 2228 iocum
464 2177 615 2243 (vix)
646 2197 760 2228 vero
793 2183 843 2228 id
877 2183 1156 2243 accipimus,
1191 2183 1322 2243 quod
1355 2186 1427 2230 est
1459 2183 1756 2230 contrarium
1791 2183 1940 2230 serio:

266 2271 378 2300 nam
421 2258 468 2301 et
507 2255 687 2317 fingere
729 2258 777 2302 et
815 2258 995 2302 terrere
1037 2260 1084 2303 et
1123 2258 1409 2317 promittere
1449 2257 1648 2303 interim
1686 2257 1820 2303 iocus
1853 2258 1939 2303 est.

384 2413 410 2452 8
446 2410 570 2453 Orat.
605 2415 674 2464 26,
693 2415 747 2452 90
782 2437 835 2442 —
873 2416 924 2452 10
959 2425 981 2453 c
1015 2415 1083 2462 86,
1118 2415 1142 2452 4
1175 2436 1230 2441 —
1264 2415 1319 2452 20
1352 2414 1398 2453 et
1432 2416 1485 2453 25
1520 2411 1613 2453 Sat.
1643 2416 1680 2463 1,
1709 2415 1777 2463 10,
1811 2415 1866 2452 44
1889 2437 1938 2441 —-

267 2495 321 2499 —
357 2473 410 2511 23
444 2483 498 2512 ex
531 2470 662 2524 epist.
698 2469 782 2511 inc.
819 2471 860 2511 fr
891 2469 940 2511 E.
976 2469 1132 2512 XVIII.
1162 2474 1185 2511 2
1218 2469 1277 2511 M.

386 2620 410 2658 9
445 2615 537 2658 sint
573 2616 740 2659 Gesner
863 2621 914 2658 16
949 2616 1068 2659 sales
1101 2617 1222 2659 enim
1254 2617 1501 2673 Spaldiny:
1533 2629 1642 2658 sane
1673 2618 1828 2658 tamen

267 2679 319 2716 ‘21
357 2674 572 2717 carminis
606 2674 722 2717 Ald:
761 2675 1004 2718 cateminis
1044 2683 1079 2716 A
1120 2676 1376 2718 catominus
1421 2683 1508 2717 GJ!
1544 2675 1698 2718 catoni
1737 2683 1802 2724 Γρ
1834 2687 1941 2717 can—

267 2734 390 2776 t6nis
424 2733 485 2775 ΡΞ
518 2735 567 2775 in.
600 2748 676 2777 ras
856 2739 910 2776 25
943 2734 1235 2790 ingrediendi
1274 2749 1374 2778 corr
1405 2742 1464 2776 P:
1510 2733 1792 2790 ingredienti
1822 2734 1903 2776 *rell

265 2792 427 2835 molles
461 2800 518 2834 P:
553 2792 738 2834 mollius
770 2801 940 2834 AGJss'
1054 2798 1108 2836 28
1141 2794 1218 2836 vix
1250 2793 1414 2836 addidi
1441 2796 1445 2847 Ι
1473 2793 1521 2835 id
1554 2807 1621 2836 om
1647 2800 1692 2835 Ρ
1808 2796 1861 2835 29
1895 2794 1941 2834 et

266 2850 438 2908 fingere
472 2858 567 2893 Pr:
602 2850 819 2908 effingere
852 2853 933 2895 rell

1963 1244 2005 1275 15
