2055 3130
680 66 756 109 ΠΙ.
791 71 1053 119 5,15-1s.
1089 71 1129 121 6,
1164 71 1292 110 1—7.
1728 69 1829 118 141

147 208 237 255 alii
270 208 708 269 quaestionem,
743 206 831 252 alii
863 205 1016 266 quod
1041 221 1107 252 ex
1133 206 1490 266 quaestione
1518 211 1831 267 appareat,

145 281 429 329 Theodorus
493 283 696 341 caput,
766 275 841 343 [id
895 281 969 326 est
1023 280 1291 340 κεφάλαιον
1347 275 1693 343 γενικώτατον]
1762 281 1833 327 ad

145 355 298 417 quod
335 356 680 402 referantur
720 354 940 411 omnia,
982 369 1194 413 quorum
1219 353 1412 401 diversa
1439 353 1725 415 appellatio,
1756 355 1831 402 vis

146 430 315 476 eadem
347 431 435 488 est,
465 444 553 476 nec
585 427 792 475 interest
824 427 1133 487 discentium,
1168 427 1346 488 quibus
1380 427 1595 488 quidque
1620 429 1830 474 nomini·

99 521 118 552 5
143 502 233 550 bus
274 503 564 564 appelletur,
606 501 722 547 dum
759 517 837 549 res
867 502 977 561 ipsa
1016 502 1283 548 manifesta
1315 502 1394 548 sit.
1435 504 1625 549 statum
1658 500 1831 548 Graeci

145 577 311 623 στάσιν
335 578 530 635 vocant,
570 575 702 636 quod
725 591 903 622 nomen
934 590 1034 621 non
1058 573 1255 638 <nulli>
1278 577 1496 636 primum
1529 575 1589 622 ab
1622 575 1829 623 Herma-

144 667 265 713 gora
304 650 547 696 traditum
585 652 781 709 putant,
822 649 904 696 sed
947 649 1036 696 alii
1076 665 1103 695 a
1142 650 1393 697 Naucrate
1426 649 1660 697 Isocratis
1686 649 1830 697 disci-

141 725 274 786 pulo,
308 724 395 771 alii
427 740 456 770 a
482 724 675 784 Zopyro
704 722 1037 770 Clazomenio:
1078 739 1381 784 quamquam
1405 723 1604 770 videtur
1628 724 1830 771 Aeschi-

140 813 226 844 nes
260 814 452 859 quoque
485 799 538 844 in
571 799 794 846 oratione
828 799 1000 844 contra
1033 796 1402 858 Ctesiphontem
1435 800 1510 844 uti
1541 797 1632 845 hoc
1663 798 1829 858 verbo,

73 893 116 924 10
141 887 248 919 cum
292 888 320 918 a
358 871 602 919 iudicibus
642 873 783 932 petit,
823 887 882 918 ne
922 871 1246 918 Demostheni
1284 873 1581 932 permittant
1614 872 1829 934 evagari,

140 946 226 993 sed
265 962 376 993 eum
416 946 575 993 dicere
617 945 675 991 de
715 947 823 1006 ipso
865 961 1041 993 causae
1082 949 1216 993 statu
1257 948 1451 1009 cogant.
1493 962 1620 1007 quae
1662 946 1828 1007 appel-

138 1020 261 1067 latio
302 1020 482 1067 dicitur
522 1020 670 1067 ducta
709 1020 790 1067 vel
829 1036 885 1067 ex
925 1036 996 1079 eo,
1038 1020 1169 1080 quod
1206 1020 1278 1067 ibi
1317 1021 1384 1067 sit
1422 1020 1611 1081 primus
1653 1036 1826 1068 causae

139 1109 442 1157 congressus,
496 1095 576 1141 vel
619 1094 749 1155 quod
787 1095 839 1140 in
877 1094 970 1140 hoc
1018 1109 1166 1142 causa
1214 1095 1465 1142 consistat.
1519 1097 1569 1142 et
1614 1096 1827 1142 nominis

139 1169 337 1230 quidem
360 1169 481 1215 haec
514 1170 674 1231 origo:
707 1182 839 1215 nunc
872 1168 989 1229 quid
1024 1170 1102 1215 sit.
1144 1171 1330 1215 statum
1363 1168 1565 1229 quidam
1599 1169 1828 1216 dixerunt

70 1262 112 1293 15
137 1243 387 1302 primam
419 1258 733 1290 causarum
766 1243 1245 1289 conflictionem:
1288 1259 1408 1303 quos
1440 1245 1571 1290 recte
1604 1244 1826 1303 sensisse,

137 1332 316 1377 parum
356 1317 574 1364 elocutos
614 1319 750 1378 puto.
790 1333 890 1363 non
923 1318 1053 1364 enim
1086 1319 1160 1364 est
1192 1319 1351 1364 status
1383 1318 1546 1378 prima
1579 1317 1825 1364 conflictio

140 1387 336 1450 ‘fecisti,
377 1407 474 1438 non
514 1387 644 1451 feci',
684 1391 769 1439 sed
809 1391 940 1451 quod
965 1407 1023 1438 ex
1054 1392 1217 1451 prima
1249 1391 1559 1439 conflictione
1590 1391 1826 1451 nascitur,

117 1460 186 1511 ‘id
213 1469 286 1512 est
310 1481 465 1527 genus
499 1465 823 1526 quaestionis:
867 1461 1061 1525 ‘fecisti,
1093 1481 1193 1512 non
1216 1466 1326 1525 feci,
1359 1482 1422 1513 an
1453 1461 1680 1513 fecerit‘?’
1715 1461 1825 1513 ehoc

135 1539 312 1599 fecisti,
352 1554 452 1586 non
490 1540 581 1587 hoc
621 1539 730 1599 feci,
772 1539 891 1600 quid
930 1536 1156 1587 fecerit‘?'
1210 1540 1326 1601 quia
1378 1556 1435 1587 ex
1485 1540 1561 1587 his
1618 1544 1826 1601 apparet

68 1634 111 1666 20
134 1613 259 1659 illud
301 1614 595 1673 coniectura,
646 1614 738 1660 hoc
787 1614 1010 1661 finitione
1069 1614 1403 1675 quaerendum
1459 1617 1605 1676 atque
1660 1616 1714 1661 in
1769 1631 1823 1661 eo

134 1703 249 1748 pars
282 1691 492 1749 utraque
525 1689 728 1747 insistit,
769 1689 864 1735 erit
896 1690 1122 1749 quaestio
1157 1688 1499 1736 coniecturalis
1533 1689 1612 1736 vel
1643 1688 1824 1736 finitivi

134 1764 308 1809 status.
363 1762 483 1823 quid
523 1764 565 1810 si
605 1763 734 1809 enim
776 1763 910 1809 dicat
951 1763 1059 1823 quis
1102 1759 1269 1810 ‘sonus
1319 1766 1392 1811 est
1439 1763 1647 1809 duorum
1694 1763 1824 1810 inter

134 1851 184 1883 se
225 1851 484 1897 corporum
525 1833 807 1884 conflictio':
849 1840 990 1897 erret,
1030 1838 1089 1883 ut
1128 1838 1324 1898 opinor3
1366 1853 1464 1884 non
1505 1838 1635 1884 enim
1675 1853 1822 1885 sonus

135 1912 208 1956 est
258 1910 524 1971 conflictio,
573 1910 658 1958 sed
698 1927 755 1957 ex
795 1910 1118 1958 conflictione.
1191 1913 1239 1959 et
1278 1911 1370 1959 hoc
1407 1912 1564 1959 levius
1607 1906 1822 1977 (intelle-

67 2004 108 2037 25
134 1985 271 2047 gitur
326 1985 456 2031 enim
510 1987 776 2046 utcumque
832 1979 1065 2051 dictum):
1127 1985 1241 2032 inde
1296 2002 1410 2033 vero
1466 1986 1639 2048 ingens
1693 1986 1822 2033 male

132 2058 573 2119 interpretantibus
613 2059 812 2107 innatus
854 2062 927 2107 est
966 2075 1114 2120 error,
1167 2060 1253 2120 qui
1292 2061 1410 2121 quia
1449 2060 1662 2121 primam
1709 2075 1821 2107 con-

131 2132 400 2180 flictionem
439 2134 678 2197 legerant,
726 2134 1038 2181 crediderunt
1085 2137 1271 2181 statum
1318 2150 1510 2195 semper
1556 2150 1613 2181 ex
1660 2136 1822 2195 prima

133 2207 426 2267 quaestione
463 2208 753 2269 ducendum,
790 2208 923 2269 quod
948 2211 1022 2256 est
1038 2208 1428 2256 vitiosissimum.
1453 2224 1570 2255 nam
1595 2210 1819 2270 quaestio

132 2281 272 2327 nulla
310 2297 409 2328 non
448 2282 598 2329 habet
636 2284 809 2343 utique
842 2284 1031 2330 statum
1064 2275 1286 2348 (constat
1309 2283 1439 2330 enim
1466 2299 1522 2328 ex
1546 2284 1819 2330 intentione

66 2375 108 2407 30
133 2358 182 2401 et
222 2350 547 2421 depulsione),
588 2357 673 2404 sed
713 2357 841 2404 aliae
880 2359 995 2404 sunt
1031 2358 1262 2418 propriae
1303 2372 1575 2419 causarum,
1617 2357 1674 2404 de
1715 2358 1820 2418 qui-

131 2428 221 2477 bus
262 2430 463 2476 ferenda
504 2431 748 2478 sententia
788 2434 875 2493 est,
917 2431 1045 2478 aliae
1086 2431 1326 2478 adductae
1367 2433 1682 2492 extrinsecus,
1731 2431 1818 2479 ali-

252 2576 275 2613 9
311 2576 335 2624 s
369 2575 455 2614 206

253 2709 277 2746 2
310 2705 526 2760 ylossema
557 2705 656 2748 sede
688 2719 774 2748 sua
807 2707 1022 2763 arquitur
1174 2710 1198 2748 6
1231 2705 1351 2747 nulli
1383 2705 1548 2748 addidi·
1700 2710 1722 2747 7
1757 2704 1815 2748 ab

50 2773 55 2778 ·
131 2760 368 2806 Naucrate
399 2765 675 2808 Philander:
708 2764 766 2807 ab
800 2767 986 2808 encrate
1019 2765 1127 2808 libri
1219 2770 1272 2808 12
1307 2765 1469 2822 ducta]
1505 2763 1657 2807 dictus
1682 2763 1742 2806 ΑΞ
1766 2766 1817 2806 iri

131 2835 209 2864 ras
330 2827 383 2865 19
417 2825 520 2878 quis
547 2823 660 2879 quid
684 2833 746 2865 ab
892 2829 945 2867 22
980 2825 1155 2882 quidsi]
1190 2824 1357 2879 quodsi
1388 2832 1429 2866 L
1550 2828 1607 2866 24
1632 2826 1679 2866 et
1709 2831 1813 2866 BP:

133 2880 215 2922 sed
245 2889 283 2922 A
315 2883 385 2924 set
416 2891 444 2923 b
475 2883 568 2936 fort
600 2882 660 2925 sit

1885 1316 1915 1360 eu
