2055 3130
773 87 826 130 V.
863 91 930 140 13,
966 91 1122 129 7—-18,
1680 87 1787 138 289

106 244 287 292 magna
325 228 536 290 pecunia
587 227 920 289 appellabaris
969 243 997 273 a
1045 225 1369 273 creditoribus
1420 228 1467 272 et
1518 226 1786 272 offenderas

106 305 156 349 et
178 305 489 350 mutaturum
520 302 716 348 tabulas
749 301 1034 348 testamenti
1067 296 1291 347 sciebas'.
1330 301 1511 361 urgent
1535 301 1785 347 universa:
1814 303 1875 346 13

108 378 160 423 at
199 377 242 424 si
281 376 476 438 singula
517 390 737 436 quaeque
778 374 1075 434 dissolveris,
1125 373 1226 420 iam
1264 374 1354 421 illa
1393 373 1605 433 flamma,
1662 389 1788 434 quae

105 465 286 513 magna
326 449 549 511 congerie
583 448 914 507 convaluerat,
956 447 1167 495 diductis
1203 447 1380 508 quibus
1414 447 1638 494 alebatur
1671 462 1788 494 con—

60 541 75 550 *
106 524 247 583 cidet,
301 525 371 582 ut,
419 525 462 570 si
511 523 591 570 vel
644 523 858 568 maxima
912 521 1115 567 fiumina
1176 523 1229 567 in
1290 523 1420 568 rivos
1478 521 1787 580 diducantur,

107 597 327 658 qualibet
364 598 630 644 transitum
669 595 919 656 praebent.
961 596 1130 655 itaque
1170 595 1444 656 propositio
1479 608 1674 655 quoque
1715 610 1785 642 se-

105 671 318 718 cundum
358 671 483 718 hanc
522 670 792 717 utilitatem
835 669 1297 729 accommodabitur,
1339 671 1393 715 ut
1433 685 1490 715 ea
1528 684 1657 715 nunc
1690 669 1786 715 sin-

105 746 224 807 gula
293 744 632 802 ostendamus,
708 759 837 790 nunc
912 743 1296 803 complectamur
1366 743 1608 790 universa.
1671 758 1783 788 nam
1814 742 1876 788 14

104 819 304 865 interim
344 817 474 878 quod
512 817 735 879 pluribus
777 817 992 879 conlegit
1032 817 1358 877 adversarius,
1406 819 1483 864 sat
1523 818 1597 863 est
1636 817 1786 863 semel

103 907 396 954 proponere:
436 894 507 951 ut,
541 893 582 938 si
621 892 801 938 multas
843 906 1015 938 causas
1047 891 1274 950 faciendi,
1315 891 1449 952 quod
1483 891 1661 953 arguit,
1702 907 1785 937 reo

104 966 233 1013 dicet
273 968 528 1012 accusator
565 965 730 1024 fuisse,
770 980 873 1025 nos,
913 981 1011 1012 non
1044 966 1340 1012 enumeratis
1374 965 1598 1026 singulis,
1638 965 1786 1012 semel

102 1041 193 1087 hoc
231 1041 283 1086 in
308 1041 472 1086 totum
502 1055 750 1101 negemus,
793 1041 908 1100 quia
940 1055 1052 1099 non,
1087 1040 1309 1099 quisquis
1342 1054 1542 1085 causam
1574 1039 1786 1086 faciendi

103 1114 296 1161 sceleris
343 1113 532 1173 habuit,
573 1115 622 1160 et
659 1113 845 1160 fecerit.
895 1115 1088 1174 saepius
1140 1114 1305 1160 tamen
1348 1113 1623 1160 accusatori
1674 1129 1786 1161 con-
1814 1113 1875 1158 15

103 1203 270 1250 gerere
311 1188 616 1251 argumenta,
655 1203 738 1234 reo
779 1187 1047 1234 dissolvere
1088 1187 1325 1248 expediet.

213 1261 271 1308 Id
312 1264 478 1308 autem
519 1262 649 1323 quod
691 1263 785 1308 erit
826 1261 884 1308 ab
928 1261 1209 1309 adversario
1251 1261 1452 1319 dictum,
1505 1276 1600 1322 quo
1641 1260 1785 1308 modo

100 1336 308 1383 refutari
348 1335 536 1395 debeat,
577 1336 868 1382 intuendum
908 1338 994 1382 est.
1036 1351 1151 1381 nam
1192 1337 1232 1382 si
1266 1337 1359 1382 erit
1391 1335 1556 1396 palam
1590 1334 1786 1395 falsum,

101 1426 280 1472 negare
321 1410 441 1457 satis
484 1412 570 1470 est,
610 1413 666 1456 ut
706 1426 793 1471 pro
836 1408 1061 1456 Cluentio
1105 1408 1271 1456 Cicero
1312 1425 1435 1468 eum,
1478 1425 1623 1469 quern
1655 1409 1785 1456 dixe-

101 1486 180 1530 rat
219 1487 475 1531 accusator
522 1487 666 1544 epoto
717 1485 894 1545 poculo
943 1483 1225 1543 concidisse,
1280 1486 1430 1545 negat
1485 1483 1653 1530 eodem
1709 1484 1785 1530 die

101 1561 362 1605 mortuum.
412 1558 577 1619 palam
620 1558 770 1605 etiam
811 1559 1061 1605 contraria
1101 1559 1150 1604 et
1190 1573 1494 1618 supervacua
1542 1559 1590 1603 et
1630 1558 1784 1605 stulta
1813 1557 1875 1601 16

34 1649 76 1681 20
100 1632 391 1693 reprendere
431 1632 615 1678 nullius
658 1635 730 1679 est
771 1633 906 1693 artis,
947 1632 1155 1693 ideoque
1196 1647 1283 1678 nec
1322 1633 1566 1678 rationem
1619 1648 1785 1678 eorum

100 1721 189 1752 nec
240 1707 462 1766 exempla
515 1706 708 1753 tradere
764 1722 957 1753 necesse
1008 1709 1093 1753 est.
1146 1706 1198 1752 id
1250 1722 1443 1767 quoque
1502 1701 1787 1770 (obscurum

99 1774 318 1845 vocant),
367 1780 497 1841 quod
548 1782 732 1828 secreto
789 1783 836 1827 et
891 1782 995 1828 sine
1051 1782 1176 1827 teste
1234 1782 1319 1826 aut
1374 1783 1665 1842 argumento
1714 1780 1784 1826 di-

101 1855 229 1900 citur
267 1855 468 1914 factum,
510 1856 629 1902 satis
670 1858 848 1901 natura
890 1870 977 1901 sua
1017 1854 1267 1901 infirmum
1300 1855 1373 1901 est
1407 1848 1615 1919 (sufficit
1640 1855 1785 1914 enim,

100 1928 233 1989 quod
267 1929 577 1976 adversarius
602 1945 700 1975 non
731 1922 948 1993 probat),
987 1930 1103 1976 item
1149 1930 1190 1976 si
1224 1928 1286 1975 ad
1319 1943 1518 1975 causam
1549 1944 1646 1975 non
1678 1944 1784 1989 per-

33 2020 74 2052 25
99 2003 238 2049 tinet.
280 2002 364 2049 sed
402 2005 567 2049 tamen
609 2003 808 2050 interim
849 2004 1058 2051 oratoris
1100 2004 1173 2050 est
1214 2002 1416 2063 efficere,
1458 2005 1514 2049 ut
1547 2003 1666 2063 quid
1699 2005 1786 2049 aut
1812 2003 1871 2047 17

101 2078 402 2124 contrarium
444 2092 546 2124 esse
586 2079 673 2123 aut
714 2093 742 2123 a
782 2092 930 2124 causa
970 2077 1218 2124 diversum
1252 2078 1338 2123 aut
1376 2076 1665 2124 incredibile
1699 2079 1785 2123 aut

100 2166 459 2212 supervacuum
522 2153 609 2197 aut
670 2153 865 2198 nostrae
927 2153 1091 2213 potius
1156 2166 1330 2198 causae
1393 2151 1622 2198 videatur
1681 2166 1784 2198 esse

101 2225 429 2272 coniunctum.
472 2225 684 2272 obicitur
723 2224 899 2287 Oppio,
939 2225 1072 2286 quod
1111 2225 1170 2272 de
1209 2225 1427 2271 militum
1467 2225 1663 2272 cibariis
1705 2225 1784 2272 de-

100 2299 327 2346 traxerit:
391 2314 619 2359 asperum
682 2301 886 2353 crimen,
952 2299 1035 2347 sed
1095 2299 1147 2345 id
1199 2299 1500 2346 contrarium
1568 2299 1784 2346 ostendit

32 2390 75 2422 30
102 2371 283 2433 Cicero,
326 2375 444 2434 quia
483 2374 633 2420 iidem
674 2376 979 2421 accusatores
1021 2373 1289 2420 obiecerint
1330 2371 1512 2434 Oppio,
1563 2374 1692 2435 quod
1739 2375 1781 2420 is

100 2447 312 2494 voluerit
351 2448 614 2494 exercitum
654 2448 908 2510 largiendo
949 2463 1270 2508 corrumpere.
1319 2449 1470 2495 testes
1509 2448 1561 2493 in
1605 2446 1781 2494 Gorne-
1808 2449 1869 2493 18

220 2592 272 2630 17
308 2602 330 2630 c
364 2593 431 2641 60,
468 2593 551 2631 168
585 2615 639 2620 —
674 2593 728 2631 28
760 2604 804 2644 p.
841 2589 991 2645 Oppio
1024 2589 1065 2631 fr
1097 2590 1149 2632 A.
1182 2589 1246 2632 ΠΙ
1280 2594 1301 2632 7
1336 2588 1396 2632 M.

219 2726 243 2763 3
279 2723 328 2764 at
360 2722 399 2764 si
433 2730 525 2764 Pa:
561 2724 610 2764 at
641 2730 725 2764 AB
903 2727 927 2765 5
963 2723 1245 2765 diducantur
1277 2721 1358 2765 P2:
1393 2736 1463 2765 om
1495 2721 1641 2763 ΑΒῬ1

102 2786 153 2824 11
187 2781 441 2823 numeratis
473 2789 517 2823 B
638 2787 689 2824 12
723 2782 773 2823 in
804 2783 954 2824 totum
987 2783 1178 2826 Becher:
1223 2781 1500 2824 intuendum
1623 2785 1677 2823 20
1709 2794 1781 2822 ra-

97 2840 249 2882 tiones
283 2848 326 2882 P
447 2845 500 2883 25
535 2841 615 2882 sed
647 2846 776 2884 A?B:
812 2843 882 2883 est
915 2840 1041 2883 P2ab
1070 2843 1074 2897 Ι
1103 2841 1185 2884 int.
1221 2840 1416 2883 oratoris
1454 2841 1522 2882 est
1546 2840 1673 2882 31²¹:
1713 2841 1782 2882 est

97 2899 181 2942 int.
217 2912 279 2943 or.
312 2907 350 2940 A
382 2899 464 2943 int.
499 2901 611 2942 orat.
646 2900 772 2942 P‘2ab
894 2905 948 2942 26
983 2913 1010 2942 a
1043 2915 1112 2944 om
1145 2909 1181 2941 Α

189 2981 496 3023 vammAst,
521 2982 576 3012 ed.
601 2981 634 3012 R
645 2992 665 3013 a
676 2982 699 3012 d
709 2991 728 3013 e
738 2992 756 3013 1·
766 2992 802 3012 m
813 2991 833 3013 a
844 2992 862 3013 c
871 2983 897 3013 h
907 2991 925 3013 e
936 2992 964 3013 r.
990 2983 1019 3013 Ι.
1462 2978 1483 3014 1
1491 2977 1514 3014 9
