2055 3130
276 92 379 144 148
765 91 1139 144 QVINTILIANI
1168 92 1319 137 INST.
1354 92 1448 136 ΟΒ.

274 231 618 278 substantia
658 232 1042 278 controversiam
1074 246 1176 278 esse
1209 234 1296 278 aut
1328 231 1386 278 de
1418 232 1747 292 qualitate,
1784 233 1945 293 ipsam

276 320 422 365 porro
464 304 751 364 qualitatem
792 308 880 350 aut
925 305 984 350 in
1024 319 1240 352 summo
1287 320 1499 366 genere
1547 306 1812 352 consistere
1860 310 1946 352 aut

188 376 252 421 40
276 378 327 423 in
368 376 843 424 succedentibus.
885 377 943 423 de
977 377 1252 424 substantia
1283 381 1355 424 est
1387 379 1685 436 coniectura,
1718 379 1943 439 quaestio

275 452 404 497 enim
442 452 686 497 tractatur
724 451 809 509 rei,
861 465 924 496 an
970 450 1103 497 facta
1142 452 1221 510 sit,
1277 466 1339 497 an
1384 450 1487 509 fiat,
1542 467 1604 497 an
1644 451 1811 498 futura
1865 453 1944 511 sit,

273 523 520 570 interdum
562 525 711 570 etiam
750 525 951 570 mentis:
990 523 1138 584 idque
1176 523 1367 582 melius,
1407 539 1556 584 quarn
1587 524 1717 585 quod
1741 526 1802 572 iis
1841 525 1947 585 pla·
1994 542 2013 573 5

274 598 388 656 cuit,
430 597 514 656 qui
565 599 750 643 statum
801 596 1005 643 eundem
1052 597 1205 643 facti
1249 598 1647 657 nominaverunt,
1692 599 1947 658 tamquam

184 667 244 711 41
274 669 331 716 de
369 671 635 730 praeterito
674 672 871 716 tantum
911 672 959 715 et
988 672 1183 716 tantum
1216 670 1273 716 de
1305 671 1436 717 facto
1463 672 1793 730 quaereretur.
1833 685 1947 731 pars

273 743 545 803 qualitatis,
587 758 710 803 quae
751 746 824 789 est
872 743 930 789 de
971 758 1157 789 summo
1205 759 1394 806 genere,
1448 759 1559 790 raro
1612 745 1665 790 in
1710 743 1948 790 iudicium

273 817 423 876 venit,
465 816 608 876 quale
649 818 723 862 est
763 812 893 862 ‘idne
927 817 994 862 sit
1023 817 1296 876 honestum,
1338 816 1467 876 quod
1497 816 1648 878 vulgo
1679 814 1946 865 laudatur'.

274 888 636 936 succedentium
688 892 851 936 autem
904 889 1029 936 aliae
1085 889 1143 936 de
1195 892 1441 936 communi
1492 890 1840 950 appellatione,
1893 893 1949 937 ut
1973 907 2015 938 ιο

274 958 420 1010 ‘sitne
452 963 736 1024 sacrilegus,
770 964 854 1023 qui
883 964 1143 1023 pecuniam
1173 964 1420 1024 privatam
1453 978 1507 1009 ex
1540 964 1725 1025 templo
1757 964 1947 1010 furatus

276 1032 385 1094 est’,
426 1038 510 1082 aut
552 1036 608 1082 de
647 1052 699 1083 re
739 1035 1068 1095 denominata,
1108 1036 1192 1082 ubi
1232 1040 1280 1083 et
1318 1036 1505 1083 facturn
1530 1051 1632 1084 esse
1658 1040 1843 1083 certum
1876 1039 1950 1084 est

273 1124 362 1156 nec
401 1109 671 1168 dubitatur,
728 1108 847 1170 quid
886 1110 951 1156 sit
990 1109 1122 1170 quod
1176 1110 1363 1156 factum
1418 1111 1505 1158 est.
1561 1111 1640 1156 cui
1694 1109 1950 1157 subiacent

187 1179 249 1223 42
275 1196 444 1230 omnes
484 1183 541 1228 de
580 1183 819 1242 honestis,
857 1184 1017 1243 iustis,
1054 1182 1259 1230 utilibus
1293 1184 1618 1244 quaestiones.
1672 1183 1750 1230 his
1799 1185 1949 1230 etiam

274 1258 424 1303 ceteri
463 1258 621 1303 status
661 1256 900 1302 contineri
939 1256 1181 1314 dicuntur,
1237 1257 1353 1316 quia
1400 1259 1448 1303 et
1501 1257 1752 1317 quantitas
1803 1257 1947 1304 modo
1973 1272 2014 1304 15

274 1330 337 1375 ad
377 1331 705 1377 coniecturam
743 1329 1000 1387 referatur,
1046 1332 1105 1375 ut
1160 1325 1396 1376 ‘maiorne
1451 1330 1523 1376 sol
1578 1345 1728 1390 quam
1779 1325 1945 1389 terra',

273 1402 416 1450 modo
457 1402 519 1449 ad
559 1403 851 1463 qualitatem
905 1399 1112 1463 ‘quanta
1165 1417 1322 1463 poena
1368 1404 1650 1464 quempiam
1699 1406 1945 1464 quantove

274 1477 493 1537 praemio
546 1478 609 1522 sit
661 1475 804 1523 adfici
849 1473 1068 1535 iustum’,
1125 1480 1174 1522 et
1228 1477 1488 1524 translatio
1544 1478 1764 1523 versetur
1817 1478 1947 1524 circa

186 1545 250 1591 43
276 1550 569 1610 qualitatem
610 1553 656 1596 et
693 1549 910 1596 definit-io
951 1565 1064 1609 pars
1113 1551 1177 1596 sit
1201 1549 1557 1609 translationis,
1605 1551 1724 1610 quin
1755 1551 1805 1596 et
1835 1566 1947 1597 eon-

275 1625 456 1669 trariae
497 1623 628 1684 leges
678 1626 726 1668 et
773 1624 1148 1671 ratiocinativus
1195 1626 1367 1681 status,
1413 1623 1466 1669 id
1505 1626 1578 1670 est
1617 1622 1948 1686 συλλογισμός,
1972 1639 2015 1670 20

277 1699 326 1743 et
363 1696 652 1756 plerumque
704 1698 876 1756 scripti
927 1699 976 1742 et
1028 1697 1298 1744 voluntatis
1355 1712 1509 1757 aequo
1560 1697 1800 1756 nitantur,
1852 1697 1948 1744 nisi

276 1770 407 1830 quod
446 1770 524 1816 hic
554 1771 730 1816 tertius
771 1770 1036 1830 aliquando
1077 1772 1405 1817 coniecturam
1446 1771 1627 1830 accipit
1666 1765 1804 1830 ‘quid
1843 1784 1948 1817 sen-

276 1845 396 1890 serit
413 1843 533 1906 legis
560 1839 888 1902 constitutor',
915 1843 1292 1905 ambiguitatem
1315 1859 1430 1890 vero
1456 1858 1646 1904 semper
1670 1843 1948 1890 coniectura

277 1916 510 1977 explicari
549 1931 740 1963 necesse
781 1918 859 1974 sit,
901 1919 1031 1977 quia,
1079 1932 1188 1963 cum
1228 1919 1292 1963 sit
1331 1918 1650 1963 manifestum
1689 1916 1948 1963 verborum

274 1990 580 2036 intellectum
623 2005 724 2036 esse
765 1990 1023 2050 duplicem,
1065 1991 1122 2036 de
1163 1991 1268 2038 sola
1302 1992 1559 2051 quaeritur
1596 1990 1865 2038 voluntate.
1972 2006 2013 2038 25

189 2060 251 2104 44
387 2065 431 2108 A
471 2063 697 2123 plurimis
736 2067 834 2110 tres
874 2068 989 2110 sunt
1028 2064 1148 2111 facti
1188 2064 1437 2126 generales
1478 2066 1649 2123 status,
1690 2063 1865 2124 quibus
1899 2066 1948 2110 et

277 2136 445 2184 Cicero
484 2137 536 2182 in
576 2135 779 2183 Oratore
835 2138 995 2183 utitur
1035 2143 1082 2183 et
1123 2138 1301 2196 omnia,
1353 2152 1479 2197 quae
1528 2140 1613 2183 aut
1657 2138 1711 2182 in
1757 2140 1947 2184 contro-

276 2212 487 2256 versiam
512 2213 599 2256 aut
621 2211 672 2256 in
697 2212 1058 2257 contentionem
1073 2211 1286 2270 veniant,
1312 2211 1551 2257 contineri
1566 2212 1732 2270 putat:
1758 2207 1948 2257 sitne?

277 2283 420 2344 quid
469 2281 581 2330 sit‘?
633 2283 804 2343 quale
859 2282 970 2330 sit‘?
1026 2300 1232 2344 quorum
1284 2285 1484 2330 nomina
1535 2284 1782 2344 apertiora
1820 2286 1947 2343 sunt,

190 2353 251 2398 45
280 2373 427 2417 quam
466 2360 520 2403 ut
560 2356 765 2402 dicenda
805 2358 914 2403 sint.
963 2356 1092 2403 idem
1130 2357 1362 2404 Iatrocles
1403 2357 1563 2404 sentit.
1614 2360 1714 2404 tres
1747 2357 1861 2403 fecit
1900 2360 1948 2404 et
1972 2373 2015 2404 30

277 2431 340 2476 M.
381 2431 624 2476 Antonius
670 2429 745 2476 his
793 2430 991 2490 quidem
1037 2430 1220 2477 verbis:
1277 2425 1479 2491 ‘paucae
1529 2445 1606 2476 res
1661 2432 1789 2489 sunt,
1842 2431 1946 2491 qui-

277 2504 366 2550 bus
444 2519 500 2549 ex
582 2502 725 2549 rebus
809 2518 974 2550 omnes
1059 2504 1303 2551 orationes
1385 2505 1678 2562 nascuntur,
1761 2503 1945 2550 factum

277 2593 375 2622 non
421 2577 627 2635 factum,
681 2577 756 2623 ius
803 2577 1000 2636 iniuria,
1054 2577 1235 2623 bonum
1282 2573 1500 2623 malum'.
1571 2576 1656 2623 sed
1702 2577 1947 2636 quoniam,

280 2650 412 2710 quod
461 2650 565 2695 iure
621 2650 830 2696 dicimur
883 2650 1068 2709 fecisse,
1121 2666 1219 2698 non
1265 2651 1394 2696 hunc
1445 2651 1604 2697 solum
1641 2650 1947 2697 intellectum

397 2764 449 2801 27
485 2759 557 2802 Or.
595 2766 661 2810 14,
694 2764 749 2802 45

399 2881 420 2918 7
455 2879 500 2919 et
517 2877 788 2919 iamdudum
813 2876 937 2920 facto
964 2877 1098 2921 Kroll
1174 2881 1228 2919 30
1255 2875 1464 2921 docenda
1488 2885 1532 2919 P
1555 2878 1561 2934 Ι
1588 2875 1821 2920 Patrocles
1845 2875 1949 2919 ΑΡ2
