2055 3130
265 75 290 124 1
300 73 370 125 80
754 72 1125 124 QVJNTILIANJ
1155 73 1306 116 INST.
1341 72 1432 116 ΟΒ.

208 214 232 256 7
262 227 324 257 311
369 213 613 271 responsis
660 227 830 271 parere
882 210 1118 258 debuerit.
1169 212 1254 259 sed
1308 216 1355 258 et
1408 227 1509 258 una
1563 227 1710 258 causa
1762 211 1927 272 plures

260 284 437 332 habere
476 284 783 346 quaestiones
816 285 865 330 et
894 284 1232 344 iudicationes,
1269 288 1327 331 ut
1359 300 1446 348 ego
1481 283 1704 343 arbitror,
1743 287 1926 344 potest:

260 360 318 404 ut
354 359 407 403 in
446 373 515 416 eo,
557 359 641 418 qui
680 372 789 403 cum
828 357 1105 404 adulteram
1144 357 1431 418 deprensam
1470 358 1743 417 occidisset,
1793 358 1926 403 adul-

259 435 433 488 terum,
485 432 570 490 qui
606 434 712 476 tum
752 431 1001 492 effugerat,
1051 434 1222 491 postea
1259 431 1312 477 in
1365 431 1470 477 foro
1526 430 1727 489 occidit,
1782 445 1928 477 causa

263 503 390 548 enim
432 506 505 549 est
553 519 673 549 una:
729 503 920 550 adulter
969 503 1077 550 fuit.
1144 504 1452 564 quaestiones
1492 506 1539 550 et
1591 503 1927 561 iudicationes,

208 577 236 620 8
264 591 327 622 an
364 576 452 622 illo
490 580 725 636 tempore,
781 592 843 623 an
881 577 969 622 illo
1001 577 1107 623 loco
1147 577 1343 624 licuerit
1382 576 1612 624 occidere.
1668 576 1751 623 sed
1790 577 1928 635 sicut,

262 665 372 696 011111
410 651 508 696 sint
538 649 702 709 plures
736 651 1044 709 quaestiones
1077 665 1338 710 omnesque
1371 665 1481 697 suos
1515 652 1671 696 status
1701 649 1928 708 habeant,

262 737 437 768 causae
475 726 640 768 tamen
680 725 838 769 status
878 738 1002 769 unus
1043 726 1129 782 est,
1169 723 1232 769 ad
1270 739 1414 784 quem
1444 724 1721 769 referuntur
1752 722 1929 780 omnia,

207 797 238 839 9
262 795 335 842 ita
364 795 600 842 iudicatio
632 797 842 842 maxime
867 796 1082 856 propria,
1115 796 1172 842 de
1197 812 1297 856 qua
1328 797 1688 856 pronuntiatur.
1728 793 1930 858 συνέχον

262 870 440 927 autem,
497 868 639 929 quod,
693 871 750 915 ut
803 869 917 927 dixi,
979 871 1230 916 continens
1278 871 1378 929 alii,
1431 869 1792 916 firmamentum
1843 869 1931 915 alii

261 945 453 1002 putant,
510 941 674 989 Cicero
728 942 1139 989 firmissimam
1194 943 1775 1004 argumentationem
1836 942 1930 988 de-

260 1016 516 1062 fensoris
557 1018 612 1062 et
652 1015 1162 1076 adpositissimam
1202 1015 1270 1062 ad
1319 1015 1770 1074 iudicationem,
1818 1017 1928 1076 qui-

262 1087 467 1135 busdam
506 1089 558 1134 id
589 1088 787 1135 videtur
820 1104 935 1147 esse,
974 1092 1085 1149 post
1118 1089 1247 1149 quod
1271 1089 1395 1135 nihil
1427 1091 1693 1150 quaeritur,
1734 1089 1931 1149 quibus-

264 1162 377 1207 dam
439 1161 502 1219 id,
564 1162 698 1222 quod
767 1162 828 1207 ad
888 1161 1238 1209 iudicationem
1305 1162 1637 1209 firmissimum
1699 1162 1929 1209 adfertur.

175 1237 238 1280 10
264 1249 412 1281 031153
450 1235 570 1282 facti
609 1251 706 1282 non
744 1235 796 1281 in
835 1235 991 1282 omnis
1032 1238 1388 1283 controversias
1436 1237 1591 1293 cadit3
1644 1251 1759 1282 nam
1805 1250 1929 1295 quae

262 1308 412 1355 fuerit
451 1323 596 1355 causa
635 1308 861 1366 faciendi,
906 1309 991 1355 ubi
1040 1310 1226 1355 factum
1264 1307 1509 1370 negatur?
1557 1312 1610 1355 at
1655 1308 1741 1355 ubi
1786 1323 1932 1355 031153

263 1384 514 1440 tractetur,
553 1384 738 1444 negant
777 1382 946 1428 eodem
984 1383 1089 1429 loco
1132 1398 1234 1429 esse
1272 1382 1620 1430 iudicationem
1657 1398 1752 1442 quo
1787 1397 1931 1442 quae-

263 1457 484 1513 stionem,
530 1455 677 1515 idque
719 1459 766 1501 et
804 1457 856 1500 in
894 1456 1148 1502 rhetoricis
1191 1454 1357 1502 Cicero
1398 1459 1446 1502 et
1491 1455 1541 1501 in
1580 1455 1931 1516 partitionibus

179 1530 237 1572 11
267 1528 401 1575 dicit.
441 1544 554 1574 nam
593 1531 644 1574 in
685 1530 962 1575 coniectura
1003 1533 1076 1576 est
1117 1530 1335 1590 quaestio
1377 1545 1432 1576 ex
1458 1529 1543 1575 illo
1579 1526 1796 1587 ‘factum,
1835 1545 1932 1575 non

261 1597 481 1659 factum’,
536 1617 599 1647 an
638 1603 823 1648 factum
865 1604 940 1648 sit.
989 1602 1059 1648 ibi
1107 1619 1221 1665 ergo
1262 1602 1518 1661 iudicatio,
1574 1603 1657 1649 ubi
1696 1604 1931 1662 quaestio,

264 1676 380 1734 quia
418 1675 468 1720 in
510 1675 678 1722 eadem
716 1691 767 1721 re
806 1676 966 1736 prima
1014 1678 1235 1736 quaestio
1285 1680 1332 1722 et
1372 1680 1587 1722 extrema
1627 1675 1930 1736 disceptatio.

264 1752 315 1794 at
353 1750 404 1794 in
444 1749 683 1808 qualitate
726 1745 951 1795 ‘matrem
984 1747 1177 1796 Orestes
1212 1749 1410 1796 occidit:
1448 1753 1593 1807 recte,
1633 1765 1728 1796 non
1769 1745 1932 1808 recte'‚

266 1838 326 1867 an
366 1825 494 1868 recte
534 1821 765 1869 occiderit
805 1824 1045 1882 quaestio,
1100 1838 1186 1869 nec
1225 1824 1395 1869 statim
1433 1823 1682 1870 iudicatio.
1738 1822 1931 1882 quando

264 1893 411 1957 ergo?
455 1891 559 1941 ‘illa
599 1899 789 1955 patrem
828 1911 990 1942 meum
1030 1896 1292 1944 occiderat:
1333 1897 1416 1943 sed
1455 1911 1552 1943 non
1590 1896 1698 1943 ideo
1736 1899 1792 1942 tu
1831 1911 1931 1941 ma·

176 1968 237 2012 12
263 1972 389 2014 trem
429 1968 641 2015 debuisti
674 1966 927 2016 occidere':
967 1986 1029 2016 an
1070 1969 1293 2016 debuerit
1333 1970 1424 2029 1110,
1463 1969 1713 2016 iudicatio.
1769 1968 1932 2014 firma-

263 2045 481 2088 mentum
537 2046 700 2089 autem
760 2043 920 2090 verbis
983 2044 1140 2102 ipsius
1188 2059 1389 2103 ponam:
1445 2038 1508 2090 ‘si
1561 2043 1682 2089 velit
1738 2041 1930 2089 Orestes

265 2115 422 2162 dicere
509 2117 610 2162 eius
696 2116 828 2163 modi
913 2118 1131 2162 animum
1214 2118 1386 2163 matris
1464 2131 1578 2163 suae
1656 2117 1805 2163 fuisse
1881 2117 1932 2161 in

264 2191 456 2248 patrem
532 2204 697 2248 suum,
758 2190 809 2234 in
879 2205 927 2236 se
996 2191 1158 2249 ipsum
1220 2205 1275 2236 30
1338 2205 1547 2247 sorores,
1608 2191 1660 2235 in
1713 2205 1932 2252 regnum,

264 2263 316 2308 in
391 2262 574 2308 famam
651 2264 840 2324 generis
918 2266 965 2310 et
1040 2263 1274 2321 familiae,
1351 2266 1405 2309 ut
1482 2263 1540 2308 ab
1619 2278 1676 2309 ea
1751 2277 1932 2322 poenas

384 2451 435 2487 11
470 2445 537 2488 De
569 2445 657 2489 inV.
694 2451 732 2498 1,
767 2451 836 2500 14,
871 2451 922 2488 19
957 2473 1011 2478 ——
1047 2451 1099 2489 18
1131 2446 1192 2488 ib.
1228 2448 1273 2489 et
1304 2446 1425 2488 Part.
1461 2451 1529 2499 30,
1565 2451 1648 2489 104
1689 2473 1742 2477 -
1777 2450 1831 2488 26
1865 2446 1932 2489 De

265 2503 354 2545 inv.
391 2509 427 2556 1,
464 2508 531 2557 14,
567 2508 619 2546 19

386 2685 406 2721 1
443 2680 522 2723 sed
555 2682 601 2722 et
632 2687 694 2722 B:
737 2680 818 2722 sed
848 2688 931 2721 ΑΡ
1063 2685 1088 2723 8
1122 2682 1191 2723 est
1226 2680 1414 2724 Gesner:
1454 2680 1515 2722 sit
1661 2685 1712 2722 12
1747 2680 1931 2735 apposi-

264 2738 493 2780 tissimam
528 2738 615 2781 Cic.
653 2746 697 2791 Q,
730 2753 829 2782 corr
860 2746 919 2781 P:
955 2738 1305 2793 adpotissimam
1336 2747 1381 2780 B
1409 2738 1779 2794 potentissimam
1810 2747 1846 2780 A

269 2801 320 2838 16
355 2799 403 2839 at
435 2798 624 2853 Regius:
657 2800 738 2839 aut
888 2802 941 2840 25
976 2797 1197 2850 debuerit,
1231 2797 1305 2840 hic
1338 2799 1544 2841 edebant:
1587 2811 1685 2841 corr
1715 2799 1933 2841 Kiderlin

385 2859 438 2898 27
472 2855 614 2898 fuisse
646 2864 683 2897 A
719 2856 829 2899 Cic:
863 2870 932 2900 om
963 2864 1052 2898 BP

1956 887 1996 918 10

1957 1253 1996 1284 15

1957 1620 1999 1651 20

1957 1986 1997 2018 25
