2007 3120
769 77 801 119 1.
855 80 925 131 10,
958 81 1147 120 31—43.
1732 78 1803 130 63

111 219 409 281 gnationem.
471 219 572 264 iam
611 218 828 278 primum
867 217 985 264 ordo
1026 219 1100 264 est
1138 217 1438 279 geometriae
1476 219 1801 265 necessarius:
1828 218 1898 261 3?

109 307 270 347 nonne
312 294 361 339 et
399 289 744 352 eloquentiae?
809 307 865 337 ex
912 291 1160 352 prioribus
1202 291 1473 354 geometria
1511 291 1690 352 probat
1711 283 1802 338 ¹in-

111 367 367 426 sequentia
407 368 456 413 et
496 367 641 412 certis
680 365 896 412 incerta:
936 380 1098 412 nonne
1136 364 1189 411 id
1234 366 1288 411 in
1320 365 1525 412 dicendo
1557 365 1800 412 facimus?

112 438 265 501 quid?
316 440 406 485 illa
452 440 821 500 propositarum
870 439 1215 499 quaestionum
1261 439 1508 486 conclusio
1555 455 1652 486 non
1701 440 1802 486 fere

67 535 84 564 5
110 516 219 561 tota
251 516 446 561 constat
478 512 815 575 syllogismis?
847 516 1051 574 propter
1084 513 1214 573 quod
1246 513 1412 574 plures
1443 515 1683 573 invenias,
1718 515 1808 574 qui

110 588 398 635 dialecticae
449 588 662 635 similem
713 603 862 648 quam
915 589 1001 648 qui
1050 587 1323 634 rhetoricae
1373 588 1630 634 fateantur
1675 588 1802 634 hanc

110 665 279 709 artem.
313 679 485 709 verum
517 664 566 708 et
598 664 778 721 orator,
812 663 1009 708 etiamsi
1039 677 1167 721 raro,
1200 677 1299 708 non
1330 664 1497 708 tamen
1528 678 1801 722 numquam

109 736 340 797 probabit
373 736 643 783 dialectice.
685 752 802 782 nam
827 744 876 782 et·
902 736 1219 799 syllogismis,
1254 736 1295 783 si
1318 751 1394 782 res
1419 738 1602 796 poscet,
1634 739 1802 783 utetur
1828 744 1900 787 3&

112 813 159 857 et
216 813 346 858 certe
402 810 788 871 enthymemate,
853 812 939 871 qui
999 810 1274 857 rhetoricus
1338 812 1413 856 est
1468 810 1801 873 syllogismus.

44 906 85 934 10
111 885 320 946 denique
375 884 724 946 probationum
781 900 906 945 quae
955 886 1068 931 sunt
1116 884 1488 945 potentissimae
1535 883 1803 948 γραμμικαὶ

110 956 381 1016 ἀποδείξεις
420 959 570 1021 vulgo
613 958 864 1005 dicuntur:
905 958 1024 1020 quid
1064 962 1231 1006 autem
1267 960 1426 1020 magis
1460 958 1618 1006 oratio
1653 975 1804 1020 qua-m

109 1032 458 1094 probationem
497 1031 658 1094 petit‘?
706 1033 835 1080 falsa
875 1049 1068 1094 quoque
1109 1034 1238 1080 veris
1279 1033 1464 1079 similia
1504 1035 1803 1096 geometrica
1829 1040 1902 1084 39*

109 1109 302 1154 ratione
355 1107 627 1169 deprendit.
697 1107 755 1154 fit
805 1108 896 1154 hoc
948 1110 996 1153 et
1047 1108 1097 1153 in
1149 1108 1366 1154 numeris
1413 1123 1502 1168 per
1549 1108 1803 1168 quasdam,
1872 1140 1874 1142 ψ

112 1197 233 1242 quas
272 1181 648 1245 ψευδογραφίας
687 1184 882 1241 vocant,
925 1181 1101 1242 quibus
1133 1183 1279 1243 pueri
1310 1181 1479 1228 ludere
1512 1181 1802 1229 solebamus.

45 1274 85 1303 15
112 1256 197 1304 sed
229 1256 329 1302 alia
361 1257 552 1302 maiora
586 1261 713 1303 sunt.
755 1272 869 1303 nam
903 1257 1014 1317 quis
1046 1272 1145 1303 non
1177 1257 1249 1302 ita
1281 1258 1582 1317 proponenti
1614 1256 1803 1303 credat:

113 1327 342 1390 ‘quorum
379 1330 602 1377 locorum
643 1333 889 1377 extremae
921 1331 1082 1377 lineae
1117 1330 1322 1377 eandem
1353 1346 1635 1378 mensuram
1668 1331 1802 1378 colh-

112 1407 247 1467 gunt,
297 1420 468 1451 eorum
515 1406 731 1466 spatium
779 1420 990 1466 quoque,
1040 1405 1171 1466 quod
1209 1405 1270 1451 iis
1325 1404 1469 1451 lineis
1510 1407 1802 1464 continetur,

110 1495 202 1540 par
249 1480 314 1526 sit
358 1494 552 1526 necesse
600 1476 726 1526 estP'
792 1482 844 1525 at
890 1479 944 1525 id
989 1480 1170 1526 falsum
1219 1481 1314 1526 est:
1369 1496 1484 1525 nam
1530 1480 1804 1540 plurimum
1830 1485 1904 1530 40,

109 1554 276 1612 refert,
340 1555 477 1601 cuius
534 1555 599 1601 sit
653 1554 839 1601 formae
893 1554 978 1600 ille
1035 1554 1286 1613 circuitus,
1340 1553 1720 1614 reprehensique
1777 1570 1805 1600 a

45 1647 87 1677 ἑο
113 1628 376 1689 geometris
410 1631 527 1675 sunt
557 1628 795 1688 historici,
830 1629 916 1689 qui
946 1627 1341 1690 magnitudinem
1373 1629 1652 1675 insularum
1685 1630 1804 1675 satis

112 1701 384 1764 significari
422 1703 758 1764 navigationis
800 1702 991 1750 ambitu
1030 1703 1356 1749 crediderunt.
1406 1719 1521 1749 nam
1560 1706 1617 1749 ut
1657 1719 1803 1764 quae-

113 1792 205 1836 que
246 1776 407 1823 forma
445 1777 820 1838 perfectissima,
861 1777 933 1823 ita
975 1777 1296 1838 capacissima
1338 1780 1423 1823 est.
1471 1776 1678 1837 ideoque
1717 1776 1804 1823 illa
1831 1783 1892 1827 41

112 1851 498 1899 circumcurrens
546 1851 694 1908 linea,
742 1853 784 1899 si
826 1851 1006 1898 efficiet
1046 1851 1225 1910 orbem,
1275 1867 1400 1912 quae
1440 1851 1600 1898 forma
1641 1855 1715 1898 est
1752 1853 1805 1898 in

111 1925 274 1985 planis
329 1926 542 1972 maxime
595 1926 836 1987 perfecta,
893 1926 1107 1987 amplius
1164 1927 1382 1987 spatium
1437 1927 1822 1987 complectetur„

47 2018 85 2047 ‘25
114 2015 264 2059 quam
303 2001 346 2046 si
386 2000 685 2060 quadratum
724 2000 926 2061 paribus
968 2002 1066 2048 oris
1107 2000 1303 2060 efficiat,
1351 2015 1520 2047 rursus
1562 2000 1804 2061 quadrata

111 2074 393 2136 triangulis,
439 2075 693 2137 triangula
739 2076 850 2136 ipsa
896 2075 1008 2135 plus
1050 2076 1221 2136 aequis
1262 2074 1502 2121 lateribus
1545 2090 1692 2135 quam
1732 2076 1803 2121 in-

115 2148 418 2209 aequalibus.
475 2148 559 2196 sed
609 2150 708 2196 alia
755 2149 965 2196 forsitan
1013 2149 1318 2197 obscuriora:
1373 2165 1462 2197 nos
1510 2149 1805 2196 facillimum
1830 2155 1903 2199 42.

114 2223 263 2269 etiam
303 2224 549 2284 imperitis
591 2239 856 2285 sequamur
887 2225 1290 2284 experimentum.
1331 2225 1493 2286 iugeri
1524 2239 1806 2271 mensuram

114 2296 350 2345 ducentos
384 2299 433 2343 et
465 2297 797 2360 quadraginta
827 2298 1154 2360 longitudinis
1185 2299 1333 2359 pedes
1366 2314 1469 2345 esse
1502 2298 1805 2359 dimidioque

48 2389 89 2419 30
113 2372 163 2417 in
204 2371 525 2419 latitudinem
562 2373 747 2433 patere,
787 2388 887 2419 non
925 2373 1027 2418 fere
1070 2374 1333 2434 quisquam
1374 2376 1447 2419 est
1479 2375 1566 2433 qui
1596 2374 1806 2436 ignoret,

114 2448 163 2492 et
211 2446 292 2506 qui
344 2447 410 2492 sit
457 2446 692 2493 circuitus
742 2448 791 2494 et
831 2450 1072 2508 quantum
1111 2449 1276 2508 campi
1314 2447 1527 2505 claudat,
1575 2447 1804 2509 colligere

115 2520 410 2580 expedit-um.
482 2523 533 2567 at
589 2522 782 2568 centeni
832 2524 882 2568 et
933 2523 1161 2584 octogeni
1208 2523 1262 2568 in
1314 2538 1559 2583 quamque
1611 2526 1805 2583 partem
1830 2527 1905 2571 43-

114 2593 261 2655 pedes
293 2594 426 2641 idem
458 2596 675 2655 spatium
708 2597 1052 2655 extremitatis,
1086 2596 1170 2643 sed
1201 2596 1360 2643 multo
1395 2595 1608 2657 amplius
1642 2596 1804 2643 clusae

236 2726 258 2762 1
273 2722 369 2764 iam
383 2735 452 2764 om
469 2729 505 2762 Α
568 2727 592 2764 3
613 2721 682 2779 id]
698 2722 822 2764 idem
837 2724 981 2766 Halm
1045 2727 1070 2765 8
1090 2722 1360 2779 syllogismo
1374 2731 1411 2763 A
1477 2726 1530 2765 10
1550 2723 1804 2778 γραμμικαὶ

117 2779 310 2837 Regius:
342 2781 597 2837 grammio-e
631 2782 765 2825 Valla
791 2783 841 2824 in
867 2790 912 2824 P
932 2782 1269 2839 grammaticae
1294 2789 1378 2824 AB
1440 2787 1492 2824 12
1520 2781 1805 2838 geometrica

119 2839 288 2883 Christ.-
319 2841 576 2897 geometria
699 2845 753 2884 18
785 2841 1042 2897 plurimum
1073 2839 1130 2884 A:
1171 2842 1374 2897 primum
1407 2849 1496 2883 BP
1614 2845 1668 2883 20
1703 2840 1802 2896 qui]

118 2898 227 2953 quia
259 2906 304 2941 B
438 2904 492 2942 27
528 2899 642 2957 alia]
674 2900 792 2943 talia
827 2902 970 2944 Halm
