2007 3120
815 93 871 137 Π.
907 98 976 147 16,
1010 96 1167 136 3—17.
1739 93 1839 144 111

157 238 427 283 commota:
480 249 569 282 nec
615 234 783 297 legum
828 235 1103 294 repertores
1159 234 1262 279 sine
1319 248 1511 280 summa
1565 232 1616 278 vi
1671 232 1844 279 orandi

158 313 458 368 consecutos,
497 312 553 355 ut
577 323 627 355 se
652 308 750 369 ipsi
772 308 996 354 homines
1022 306 1086 353 ad
1110 306 1399 353 servitutem
1422 306 1543 354 iuris
1570 306 1843 368 adstringe-

156 387 280 431 rent.
323 383 443 444 quin
481 384 590 443 ipsa
629 383 764 428 vitae
802 383 1084 442 praecepta,
1124 381 1274 428 etiam
1316 382 1359 428 si
1397 384 1578 427 natura
1610 383 1727 427 sunt
1758 381 1843 427 ho·
1870 389 1932 433 10

156 459 311 516 nesta,
365 458 478 517 plus
518 459 687 502 tamen
726 454 790 502 ad
827 455 1113 502 formandas
1151 458 1341 501 mentes
1380 455 1566 514 valent,
1616 454 1845 515 quotiens

114 549 132 580 5
157 531 578 592 pulchritudinem
616 545 781 576 rerum
821 529 1020 576 claritas
1062 528 1302 576 orationis
1344 529 1628 585 inluminat,
1680 544 1845 589 quare,

159 607 310 652 etiam
350 606 393 653 si
429 606 482 650 in
522 606 787 664 utramque
826 606 1021 665 partem
1059 604 1228 650 valent
1262 619 1399 649 arma
1430 602 1708 661 facundiae,
1748 618 1847 650 non

159 682 232 726 est
268 682 437 725 tamen
476 693 648 724 aecum
686 677 738 723 id
776 677 947 724 haberi
985 678 1190 736 malum,
1230 694 1326 738 quo
1366 677 1489 724 bene
1527 677 1601 723 uti
1642 678 1772 723 licet.

267 752 453 799 Verum
476 751 596 799 haec
621 751 753 812 apud
786 767 867 799 eos
892 752 1104 799 forsitan
1138 754 1452 812 quaerantur,
1487 752 1571 812 qui
1606 767 1848 797 summam
1874 759 1933 802 11

156 826 424 874 rhetorices
466 826 529 873 ad
566 826 895 887 persuadendi
925 827 1027 872 vim
1058 827 1372 873 rettulerunt.
1414 826 1456 873 31
1487 841 1602 872 vero
1630 828 1703 872 est
1726 825 1848 872 bene

92 919 134 950 10
158 901 351 948 dicendi
391 900 611 959 scientia,
654 916 809 961 quem,
839 916 928 947 nos
967 900 1115 947 finem
1155 899 1420 961 sequimur,
1467 902 1528 946 ut
1567 900 1633 946 sit
1680 903 1849 946 orator

157 977 210 1021 in
247 975 421 1036 primis
460 976 538 1022 vir
576 974 750 1034 bonus,
800 974 975 1021 utilem
1016 977 1146 1021 certe
1195 990 1297 1022 6336
1353 989 1462 1021 66111
1518 974 1849 1021 confitendum

159 1051 244 1096 est.
287 1052 336 1096 et
373 1049 570 1096 hercule
610 1049 727 1096 deus
766 1048 852 1096 ille
891 1050 1118 1110 princeps
1150 1064 1329 1110 parens
1360 1064 1528 1096 rerum
1559 1048 1849 1095 fabricator·
1877 1055 1937 1098 12

158 1140 253 1184 que
291 1123 465 1170 mundi
503 1123 642 1170 nullo
681 1125 842 1185 magis
874 1123 1124 1170 hominem
1157 1124 1409 1184 separavit
1442 1140 1469 1169 a
1494 1124 1682 1183 ceteris,
1724 1138 1849 1184 quae

160 1197 358 1258 quidem
389 1198 624 1244 mortalia
657 1200 832 1257 essent,
866 1197 1164 1244 animalibus
1200 1214 1347 1258 quam
1373 1197 1566 1244 dicendi
1592 1198 1848 1244 facultate.

92 1289 132 1320 15
157 1288 274 1318 nam
351 1287 557 1333 corpora
628 1272 827 1332 quidem
894 1272 1256 1334 magnitudine,
1318 1272 1530 1331 viribus,
1601 1271 1850 1329 firmitate,
1877 1278 1941 1322 13

158 1347 420 1407 patientia,
466 1347 731 1393 velocitate
770 1347 1139 1407 praestantiora
1178 1346 1229 1392 in
1268 1346 1370 1393 illis
1419 1347 1569 1393 mutis
1610 1346 1849 1404 videmus,

160 1420 330 1467 eadem
379 1421 541 1468 minus
597 1436 739 1484 egere
781 1421 1060 1481 adquisitae
1112 1422 1413 1468 extrinsecus
1462 1422 1591 1482 opis,
1641 1437 1755 1466 nam
1803 1423 1852 1467 et

158 1495 354 1556 ingredi
394 1496 540 1542 citius
582 1497 631 1542 et
669 1496 805 1556 pasci
862 1497 911 1541 et
961 1498 1162 1542 tranare
1214 1511 1368 1556 aquas
1420 1496 1545 1541 citra
1597 1495 1852 1542 docentem

158 1572 337 1616 natura
377 1570 487 1630 ipsa
527 1569 702 1629 sciunt,
750 1572 799 1616 et
837 1570 1074 1630 pleraque
1115 1572 1287 1616 contra
1325 1570 1483 1632 frigus
1525 1586 1581 1616 ex
1621 1585 1707 1617 suo
1749 1585 1851 1616 cor-
1879 1574 1943 1620 14

93 1660 134 1691 20
158 1659 276 1704 pore
315 1643 597 1691 vestiuntur
636 1646 686 1690 613
726 1660 863 1691 arma
900 1644 977 1691 1113
1010 1645 1236 1706 ingenita
1270 1644 1512 1705 quaedam
1545 1648 1594 1690 et
1626 1660 1682 1690 ex
1707 1643 1851 1689 obvio

159 1718 262 1764 fere
301 1719 476 1778 victus,
518 1719 648 1765 circa
690 1734 815 1778 quae
857 1720 1023 1766 omnia
1054 1719 1240 1766 multus
1273 1718 1554 1765 hominibus
1588 1718 1730 1765 labor
1762 1720 1849 1764 est.

159 1792 403 1839 rationem
442 1791 598 1855 igitur
636 1792 777 1840 nobis
818 1794 1138 1854 praecipuam
1171 1792 1306 1839 dedit
1340 1794 1541 1852 eiusque
1573 1808 1661 1840 nos
1695 1791 1852 1839 socios

161 1882 264 1914 esse
304 1882 415 1913 cum
455 1866 530 1913 dis
577 1867 942 1914 immortalibus
989 1868 1162 1914 voluit.
1229 1866 1314 1914 sed
1359 1869 1470 1927 ipsa
1516 1867 1646 1914 ratio
1694 1882 1853 1927 neque
1879 1873 1945 1917 15

159 1943 264 1987 tam
301 1955 391 1987 nos
431 1942 626 1988 iuvaret
663 1957 822 2002 neque
862 1944 967 1988 tam
1008 1944 1135 1989 esset
1173 1943 1227 1987 in
1265 1941 1406 1988 nobis
1440 1940 1718 2000 manifesta,
1757 1940 1853 1986 nisi

96 2031 135 2062 25
162 2030 288 2075 quae
328 2015 719 2076 concepissemus
758 2018 923 2063 mente
961 2032 1185 2076 promere
1226 2016 1377 2062 etiam
1409 2015 1656 2076 loquendo
1687 2030 1851 2076 posse-

160 2104 287 2148 mus,
328 2089 459 2150 quod
498 2089 656 2152 magis
698 2090 862 2137 deesse
903 2091 1077 2137 ceteris
1119 2091 1416 2137 animalibus
1459 2106 1608 2151 quam
1631 2089 1851 2136 intellec-

160 2165 268 2209 tum
309 2167 358 2210 et
412 2165 768 2225 cogitationem
817 2165 1065 2225 quandam
1113 2165 1349 2212 videmus.
1398 2180 1515 2211 nam
1563 2167 1611 2211 et
1657 2164 1853 2210 mollire
1880 2171 1945 2214 16

163 2237 347 2284 cubilia
387 2240 436 2284 et
473 2237 615 2286 nidos
655 2241 818 2285 texere
859 2241 907 2285 et
940 2239 1145 2286 educare
1184 2239 1314 2286 fetus
1348 2241 1396 2285 et
1421 2238 1690 2298 excludere,
1733 2238 1853 2299 quin

164 2313 315 2358 etiam
353 2327 590 2372 reponere
629 2313 682 2358 111
720 2314 930 2360 hiemem
967 2314 1218 2374 alimenta,
1260 2329 1409 2374 opera
1443 2312 1685 2373 quaedam
1712 2313 1852 2359 nobis

98 2402 139 2432 30
163 2385 498 2446 inimitabilia,
540 2387 709 2447 qualia
750 2394 863 2434 sunt
903 2403 1129 2434 cerarum
1169 2404 1225 2434 ac
1271 2388 1448 2447 mellis,
1497 2386 1686 2434 efficere
1733 2403 1852 2433 non-

163 2460 350 2507 nullius
390 2460 599 2508 fortasse
638 2462 848 2508 rationis
889 2465 976 2521 est,
1018 2462 1103 2509 sed
1137 2462 1254 2522 quia
1279 2464 1448 2509 carent
1480 2476 1701 2509 sermone
1727 2476 1853 2522 quae

163 2533 217 2580 id
254 2535 461 2593 faciunt,
500 2538 640 2582 muta
681 2539 832 2597 atque
871 2537 1192 2583 inrationalia
1224 2539 1477 2583 vocantur.
1519 2535 1729 2596 denique
1769 2535 1853 2581 ho·
1881 2541 1943 2585 1?

164 2608 336 2668 mines,
378 2609 557 2669 quibus
595 2613 778 2672 negata
814 2627 911 2658 vox
951 2614 1039 2671 est,
1080 2611 1375 2672 quantulum
1416 2610 1622 2657 adiuvat
1662 2609 1852 2656 animus

287 2799 341 2837 10
372 2809 457 2838 nos
482 2809 551 2839 om
577 2797 684 2839 BP1
807 2802 859 2839 12
893 2810 1060 2852 parens
1087 2811 1157 2840 om
1183 2803 1236 2838 N
1349 2801 1404 2838 ΞΟ
1438 2809 1568 2838 arma
1594 2795 1668 2838 his
1692 2803 1749 2837 A:
1785 2809 1854 2836 ar-

167 2852 254 2894 mis
286 2861 375 2896 BP
493 2859 546 2897 27
580 2856 782 2915 mollire]
816 2856 971 2899 moliri
1004 2865 1048 2898 P
1079 2857 1168 2900 0250.
1196 2857 1267 2899 De
1300 2861 1394 2899 nat.
1422 2857 1539 2899 deor.
1567 2858 1657 2898 129
1682 2855 1857 2907 confert

169 2913 340 2956 Becher
463 2918 515 2956 32
549 2915 906 2959 inrationabilia
935 2923 1021 2958 ΑΡ
1049 2915 1165 2971 (111)
1200 2922 1255 2957 N
