2055 3130
256 70 361 121 308
747 70 1121 122 QVINTILIANI
1150 71 1299 114 INST.
1334 70 1425 114 ΟΒ.

196 208 227 252 4
259 212 333 257 vis
373 210 571 271 insuper
611 210 737 256 curis
776 209 999 273 fatigare.
1053 212 1160 270 quis
1209 212 1337 257 enim
1384 211 1506 257 mihi
1550 211 1705 257 bonus
1751 227 1926 272 parens

255 285 491 346 ignoscat,
543 285 584 329 si
623 283 816 330 studere
858 283 1069 344 amplius
1108 298 1321 344 possum,
1373 298 1430 330 ac
1468 299 1564 331 non
1605 284 1763 330 oderit
1799 285 1926 332 hanc

256 358 408 403 animi
446 358 544 402 mei
581 356 886 415 firmitatem,
941 357 983 404 si
1038 358 1145 417 quis
1193 357 1244 402 in
1294 373 1370 403 me
1428 358 1553 404 alius
1607 372 1722 404 usus
1780 360 1926 416 vocis,

255 445 404 490 quam
443 433 498 476 ut
537 429 752 476 incusem
792 429 905 477 deos
939 433 1181 490 superstes
1207 431 1425 477 omnium
1448 429 1700 477 meorum?
1740 431 1927 477 nullam

254 505 306 548 in
345 505 500 549 terras
540 502 786 563 despicere
824 503 1185 563 providentiam
1224 501 1408 550 tester?
1449 503 1489 550 si
1528 519 1624 551 non
1657 519 1763 550 meo
1797 518 1925 564 casu,
1973 521 1992 552 5

255 575 336 623 cui
365 579 531 622 tamen
562 576 687 622 1111111
713 575 853 635 obici,
887 591 1033 636 quam
1066 576 1195 636 quod
1224 578 1403 634 vivam,
1436 579 1613 637 potest,
1645 579 1698 623 at
1727 576 1926 624 illorum

254 651 396 708 certe,
438 664 557 709 quos
596 649 771 709 utique
803 650 1056 696 inmeritos
1090 665 1219 697 mors
1246 649 1418 697 acerba
1451 650 1719 709 damnavit,
1760 654 1926 710 erepta

255 722 390 783 prius
430 722 551 768 mihi
590 726 747 769 matre
788 722 1062 782 eorundem,
1105 738 1229 783 quae
1269 723 1484 770 nondum
1525 724 1716 784 expleto
1750 723 1925 770 aetatis

256 795 619 842 undevicesimo
661 811 787 842 anno
828 795 948 843 duos
989 797 1130 842 enixa
1161 795 1304 855 filios,
1344 797 1570 856 quamvis
1603 796 1925 844 acerbissimis

195 885 224 911 ο
257 871 402 929 rapta
439 869 570 928 fatis,
610 865 777 932 <11011>
816 870 986 916 infelix
1027 869 1242 917 decessit.
1284 885 1372 932 ego
1414 870 1491 917 vel
1530 871 1620 916 hoc
1659 885 1754 916 uno
1794 870 1924 917 malo
1952 886 1993 917 ιο

255 942 321 989 sic
363 958 496 989 eram
536 942 773 1002 adflictus,
813 946 870 990 ut
909 959 986 990 me
1017 945 1114 990 iam
1142 943 1279 990 nulla
1311 943 1507 990 fortuna
1539 945 1704 1003 posset
1736 942 1924 990 efficere

253 1016 458 1063 felicem.
510 1032 625 1063 nam
665 1032 773 1063 cum
820 1017 952 1063 omni
1001 1019 1205 1078 virtute,
1253 1032 1378 1077 quae
1424 1019 1475 1063 in
1524 1017 1730 1063 feminas
1780 1016 1924 1075 cadit,

254 1089 423 1136 functa
479 1089 805 1138 insanabilem
860 1090 1032 1137 attulit
1086 1092 1263 1136 marito
1316 1090 1547 1148 dolorem,
1602 1093 1708 1136 tum
1763 1092 1924 1137 aetate

254 1166 356 1209 tam
396 1163 621 1223 puellari,
660 1164 947 1224 praesertim
988 1178 1122 1210 111636
1163 1167 1463 1223 comparata,
1514 1167 1676 1223 potest
1723 1166 1771 1210 et
1817 1165 1925 1224 ipsa

194 1236 224 1278 6
258 1237 503 1283 111111161311
542 1238 670 1283 inter
709 1237 911 1283 vulnera
951 1237 1190 1284 orbitatis.
1239 1236 1405 1283 liberis
1446 1240 1610 1283 tamen
1650 1237 1924 1297 superstiti·
1952 1254 1991 1284 15

253 1309 342 1357 bus
382 1312 444 1369 et,
484 1310 613 1370 quod
654 1311 790 1357 nefas
832 1313 949 1369 erat,
991 1311 1075 1358 sed
1107 1309 1311 1370 optabat
1341 1312 1463 1370 ipsa,
1504 1325 1579 1356 me
1605 1310 1741 1357 salvo
1774 1312 1925 1356 maxi-

253 1398 357 1430 mos
419 1385 664 1431 cruciatus
719 1384 980 1444 praecipiti
1033 1383 1115 1430 via
1170 1384 1354 1445 effugit.
1412 1384 1534 1429 mihi
1584 1382 1712 1430 filius
1767 1385 1927 1430 minor

255 1458 480 1517 quintum
521 1472 739 1519 egressus
789 1473 973 1504 annum
1019 1459 1154 1518 prior
1201 1457 1410 1504 alterum
1460 1473 1515 1503 ex
1563 1456 1750 1504 duobus
1800 1459 1925 1504 eruit

255 1531 432 1577 lumen.
474 1547 570 1578 non
611 1547 716 1577 sum
757 1531 1046 1578 ambitiosus
1087 1532 1136 1576 in
1177 1531 1318 1577 malis
1358 1545 1444 1577 nec
1485 1546 1661 1593 augere
1700 1530 1924 1577 lacrima-

252 1621 359 1649 rum
414 1619 587 1652 causas
643 1605 769 1662 volo,
821 1606 1109 1665 utinamque
1157 1606 1283 1651 esset
1332 1605 1460 1650 ratio
1516 1604 1787 1651 minuendi:
1842 1604 1925 1651 sed
1950 1620 1992 1650 20

251 1677 560 1725 dissimulare
601 1679 686 1738 qui
726 1693 939 1738 possum,
981 1678 1099 1738 quid
1137 1679 1220 1724 ille
1262 1678 1450 1739 gratiae
1499 1679 1549 1723 in
1590 1678 1752 1738 vultu,
1806 1677 1925 1738 quid

250 1751 571 1799 iucunditatis
626 1754 675 1798 in
733 1767 967 1811 sermone,
1021 1766 1144 1812 quos
1199 1751 1384 1814 ingenii
1440 1752 1706 1813 igniculos,
1778 1767 1924 1812 quam

252 1824 576 1872 substantiam
618 1825 840 1886 placidae
882 1828 944 1884 et,
994 1841 1293 1885 quamquam
1340 1826 1438 1871 scio
1480 1825 1559 1870 vix
1599 1840 1739 1885 posse
1781 1825 1924 1882 credi,

251 1899 351 1944 iam
390 1901 495 1944 tum
537 1900 665 1945 altae
706 1901 883 1946 mentis
924 1898 1214 1946 ostenderit:
1256 1899 1414 1958 qualis
1455 1914 1671 1945 amorem
1704 1898 1923 1958 quicum-

193 1970 221 2013 S
255 1988 346 2032 que
388 1973 573 2020 alienus
614 1973 774 2019 infans
815 1976 1094 2019 mereretur.
1147 1972 1270 2018 illud
1318 1988 1430 2018 vero
1478 1972 1781 2030 insidiantis,
1828 1987 1923 2032 quo
1950 1987 1990 2018 25

253 2062 328 2092 me
368 2046 581 2092 validius
615 2048 866 2103 cruciaret,
906 2046 1131 2092 fortunae
1166 2046 1276 2103 fuit,
1317 2048 1372 2092 ut
1404 2045 1487 2091 ille
1520 2045 1640 2091 mihi
1666 2045 1922 2092 blandissi-

254 2134 361 2165 mus
403 2135 477 2166 me
518 2122 617 2166 suis
658 2120 945 2178 nutricibus,
984 2136 1059 2166 me
1100 2121 1238 2165 aviae
1281 2119 1522 2177 educanti,
1570 2135 1646 2165 me
1687 2119 1923 2175 omnibus,

193 2192 223 2234 9
257 2193 340 2252 qui
380 2193 646 2240 sollicitare
687 2194 796 2240 illas
838 2195 1024 2240 aetates
1073 2193 1251 2250 solent,
1300 2192 1575 2239 anteferret.
1625 2195 1924 2253 quapropter

252 2267 328 2312 illi
371 2266 543 2325 dolori,
585 2283 729 2327 quem
771 2283 826 2313 ex
867 2270 1021 2313 matre
1071 2266 1256 2327 optima
1297 2269 1443 2326 atque
1492 2282 1682 2313 omnem
1728 2265 1923 2312 laudem

252 2355 565 2402 supergressa
607 2355 787 2401 paucos
828 2343 940 2386 ante
981 2355 1167 2387 menses
1209 2355 1445 2400 ceperam,
1486 2339 1720 2401 gratulor.
1762 2340 1921 2385 minus
1947 2355 1989 2386 30

253 2415 381 2459 enim
433 2416 518 2473 est,
575 2414 703 2474 quod
743 2413 956 2460 fiendum
1005 2429 1109 2460 meo
1158 2415 1352 2460 nomine
1400 2428 1549 2473 quam
1605 2412 1735 2473 quod
1787 2412 1921 2460 illius

252 2487 561 2549 gaudendum
609 2490 694 2534 est.
750 2503 849 2533 una
897 2490 1007 2548 post
1058 2488 1177 2533 haec
1232 2486 1524 2542 Quintiliani
1578 2488 1675 2532 mei
1728 2501 1811 2546 spe
1866 2501 1923 2533 ac

165 2560 225 2602 10
251 2561 509 2622 voluptate
547 2561 754 2619 nitebar,
802 2563 850 2607 et
896 2563 1092 2621 poterat
1140 2559 1358 2608 sufficere
1407 2560 1601 2607 solacio.
1650 2575 1745 2606 non
1793 2561 1921 2608 enim

196 1530 218 1572 ᾸΙ

369 2749 393 2785 3
427 2744 692 2787 firmitatem
726 2753 783 2787 P:
817 2744 1134 2787 infirmitatem
1168 2745 1246 2787 rell
1389 2749 1412 2787 6
1446 2744 1604 2801 quam]
1638 2743 1729 2785 nisi
1767 2750 1799 2784 V

253 2807 306 2845 10
338 2816 429 2845 non
472 2805 565 2847 add
604 2805 746 2847 Halm
926 2808 980 2846 23
1014 2816 1297 2857 quamquam
1346 2803 1562 2860 Madvig:
1610 2815 1749 2856 quam
1796 2809 1926 2844 PVM

251 2863 374 2917 quod
406 2870 483 2904 AG
604 2867 659 2905 24
691 2862 784 2904 iam
816 2865 916 2905 tum
948 2864 1182 2905 Burman:
1214 2863 1396 2904 tantum
