2055 3130
63 907 104 938 10

62 1277 103 1309 15

63 1649 105 1679 20

65 2020 106 2050 25

69 2389 111 2420 30

774 84 849 128 IV.
887 90 926 140 1,
960 89 1146 128 27—38.
1703 86 1802 137 191

125 228 278 289 plum,
317 228 582 289 praecipue
635 230 818 283 tamen,
873 226 915 271 si
967 223 1113 270 iudex
1164 229 1252 272 aut
1306 240 1395 272 sua
1440 227 1546 271 vice
1599 228 1684 271 aut
1737 227 1809 271 rei

124 301 352 362 publicae
385 302 731 358 commovetur,
757 300 896 344 cuius
929 300 1121 344 animus
1154 314 1253 358 spe,
1285 303 1433 357 metu,
1460 299 1808 358 admonitione,

125 375 372 436 precibus,
422 375 644 421 vanitate
695 373 922 432 denique,
977 373 1020 418 si
1072 372 1124 417 id
1175 373 1489 433 profuturum
1545 372 1809 431 credemus,

128 447 390 510 agitandus
431 451 516 494 est.
558 450 671 493 sunt
711 450 759 492 et
797 446 886 491 flla
926 446 1195 492 excitandis
1252 446 1313 492 ad
1365 446 1659 492 audiendum
1710 462 1808 493 non
1834 444 1899 489 34

127 523 342 580 inutilia,
390 523 432 567 si
470 535 559 567 nos
597 535 755 580 neque
796 520 881 565 diu
918 523 1198 566 moraturos
1238 535 1395 580 neque
1436 523 1572 566 extra
1613 534 1811 567 causam

127 596 343 643 dicturos
383 594 676 641 existiment.
718 594 926 640 docilem
966 595 1068 639 sine
1109 593 1257 640 dubio
1299 597 1347 640 et
1377 594 1498 640 haec
1529 595 1639 654 ipsa
1670 609 1810 654 prae-

129 673 228 716 stat
267 670 492 727 attentio,
533 667 616 714 sed
656 671 705 714 et
735 667 874 726 illud,
915 669 958 714 si
996 667 1211 714 breviter
1243 672 1291 714 et
1323 667 1536 714 dilucide
1570 683 1811 714 summam

128 744 215 801 rei,
242 743 300 788 de
326 758 425 802 qua
451 757 741 803 cognoscere
767 741 955 800 debeat,
980 741 1362 789 indicaverimus
1388 735 1544 806 (quod
1570 741 1810 789 Homerus

129 820 277 877 atque
317 815 567 878 Vergilius
608 830 810 875 operum
861 830 1062 862 suorum
1109 816 1366 876 principiis
1414 808 1650 880 faciunt):
1697 831 1813 862 nam
1837 815 1903 858 35

127 893 170 937 is
211 892 313 936 eius
353 892 426 936 rei
463 890 636 936 modus
678 892 765 948 est,
812 892 869 935 ut
915 891 1245 950 propositioni
1294 890 1505 936 similior
1552 891 1617 937 sit
1664 906 1813 950 quam

129 965 440 1025 expositioni,
479 978 567 1010 nec
606 979 703 1024 quo
742 963 888 1010 modo
930 963 1146 1024 quidque
1179 965 1244 1010 sit
1277 968 1453 1024 actum,
1495 964 1579 1010 sed
1612 963 1669 1010 de
1704 965 1810 1024 qui-

129 1039 217 1085 bus
260 1037 479 1084 dicturus
520 1040 585 1084 sit
633 1041 800 1085 orator
847 1037 1087 1084 ostendat.
1142 1053 1231 1084 nec
1277 1038 1419 1084 video
1477 1037 1609 1098 quod
1663 1037 1812 1084 huius

127 1114 200 1159 rei
237 1113 395 1173 possit
435 1112 566 1172 apud
607 1114 826 1159 oratores
865 1111 1069 1172 reperiri
1116 1113 1292 1158 melius
1340 1112 1618 1172 exemplum
1665 1127 1813 1172 quam

130 1186 377 1234 Ciceronis
431 1202 520 1247 pro
572 1186 631 1232 A.
697 1185 935 1233 Cluentio.
1001 1181 1386 1246 ‘Animadverti,
1448 1185 1656 1244 iudices,
1712 1202 1811 1232 orn-
1839 1185 1905 1228 36

129 1276 241 1307 nem
325 1262 625 1307 accusatoris
719 1261 991 1307 orationem
1083 1261 1136 1306 in
1222 1259 1343 1307 duas
1422 1260 1633 1307 divisam
1711 1274 1812 1306 esse

128 1337 316 1396 partes:
396 1350 602 1395 quarum
681 1335 837 1381 altera
906 1334 1030 1380 mihi
1113 1335 1208 1380 niti
1289 1338 1336 1381 et
1419 1349 1600 1397 magno
1670 1349 1813 1395 opere

129 1408 370 1455 confidere
462 1408 723 1455 videbatur
804 1408 996 1455 invidia
1087 1408 1189 1455 iam
1279 1410 1557 1455 inveterata
1641 1407 1814 1454 iudicii

127 1483 340 1540 Iuniani,
397 1482 553 1529 altera
598 1486 795 1529 tantum
840 1482 985 1529 modo
1034 1482 1400 1530 consuetudinis
1449 1497 1595 1529 causa
1641 1481 1815 1528 timide

131 1560 179 1604 et
241 1556 522 1603 diffidenter
591 1558 835 1619 attingere
918 1558 1163 1603 rationem
1238 1556 1462 1604 veneficii
1538 1556 1816 1614 criminum,

131 1646 230 1692 qua
307 1630 364 1677 de
442 1646 493 1677 re
572 1631 677 1693 lege
757 1635 830 1678 est
904 1631 1024 1677 haec
1102 1631 1325 1691 quaestio
1404 1626 1708 1677 constituta'.
1764 1630 1817 1676 id

129 1709 296 1752 tamen
366 1708 528 1751 totum
607 1705 926 1766 respondenti
997 1705 1194 1752 facilius
1277 1708 1350 1751 est
1421 1720 1569 1765 quam
1637 1719 1815 1765 propo-

129 1781 281 1839 nenti,
333 1780 451 1839 quia
501 1779 580 1825 hic
636 1779 973 1826 admonendus
1032 1779 1199 1839 iudex,
1253 1779 1357 1825 illic
1420 1779 1665 1826 docendus
1728 1782 1813 1825 est.

130 1869 219 1900 nec
258 1869 336 1900 me
376 1869 681 1914 quamquam
727 1854 896 1911 magni
947 1856 1170 1900 auctores
1216 1855 1268 1899 in
1315 1853 1408 1900 hoc
1463 1852 1706 1911 duxerint,
1760 1855 1817 1898 ut
1841 1853 1905 1896 37

131 1943 229 1974 non
270 1942 460 1988 semper
499 1928 659 1974 facere
709 1931 958 1974 attentum
1006 1943 1061 1974 ac
1117 1927 1325 1974 docilem
1378 1927 1591 1974 iudicem
1644 1927 1815 1973 velim:

130 2017 228 2048 non
270 2002 388 2062 quia
428 2003 658 2061 nesciam,
696 2002 748 2047 id
789 2002 920 2062 quod
959 2001 1019 2048 ab
1058 2001 1160 2048 illis
1201 2001 1382 2048 dicitur
1421 2016 1523 2048 esse
1563 2017 1653 2062 pro
1685 2001 1817 2047 mala

133 2091 294 2133 causa,
336 2075 495 2136 qualis
537 2092 594 2122 ea
634 2077 700 2123 sit
738 2092 836 2122 non
875 2076 1115 2138 intellegi,
1164 2092 1335 2123 verum
1376 2075 1493 2136 quia
1538 2075 1674 2122 istud
1719 2091 1817 2122 non

132 2150 449 2212 neglegentia
486 2150 664 2197 iudicis
706 2150 963 2213 contingit,
1019 2151 1103 2198 sed
1144 2165 1319 2196 errore.
1373 2150 1497 2196 dixit
1548 2151 1678 2196 enim
1734 2149 1816 2195 ad·
1842 2149 1910 2194 38

132 2225 378 2270 versarius
419 2226 468 2270 et
506 2224 716 2272 fortasse
749 2226 1017 2285 persuasit:
1058 2224 1198 2271 nobis
1232 2239 1353 2285 opus
1388 2227 1460 2272 est
1493 2226 1597 2271 eius
1624 2224 1819 2271 diversa.

134 2299 379 2359 opinione,
421 2313 545 2358 quae
584 2299 769 2345 mutari
808 2315 906 2346 non
945 2302 1124 2360 potest,
1163 2298 1260 2345 nisi
1292 2299 1435 2345 ilium
1465 2298 1723 2345 fecerimus
1758 2297 1820 2345 ad

136 2388 207 2431 ea,
257 2388 382 2432 quae
421 2372 650 2433 dicemus,
701 2372 907 2419 docilem
957 2376 1005 2419 et
1051 2374 1311 2419 intentum.
1368 2372 1489 2433 quid
1547 2388 1662 2434 ergo
1711 2370 1818 2419 est‘?

135 2445 456 2493 inminuenda
514 2447 755 2507 quaedam
816 2450 864 2493 et
909 2447 1121 2495 levanda
1169 2449 1218 2494 et
1271 2447 1411 2507 quasi
1465 2446 1821 2493 contemnenda

137 2535 240 2566 esse
280 2522 532 2567 consentio
574 2520 636 2567 ad
674 2521 1024 2568 remittendam
1063 2521 1389 2568 intentionem
1427 2520 1620 2581 iudicis,
1669 2536 1825 2581 quam

258 2666 426 2714 1451

258 2783 282 2821 3
301 2779 529 2822 credimus
547 2789 632 2823 ΑΡ
706 2786 729 2823 6
750 2781 847 2824 sine
866 2781 1008 2823 dubio
1025 2781 1141 2824 haec
1158 2781 1263 2837 ipsa
1278 2780 1600 2836 praestabunt,
1620 2779 1824 2822 attentio

139 2840 185 2880 et
215 2837 551 2892 benevolentia,
593 2841 650 2883 Vt
673 2855 709 2896 p
743 2845 828 2882 423
951 2844 977 2882 8
1009 2840 1311 2883 indicarimus
1342 2848 1432 2882 BP
1466 2839 1724 2882 indicemus
1765 2838 1827 2880 Vt

260 2901 313 2938 14
329 2897 383 2941 A.
399 2911 468 2941 om
480 2907 565 2940 ΑΡ
652 2903 705 2941 31
726 2899 951 2942 elevanda
965 2900 1150 2943 Badius
1234 2904 1288 2942 32
1304 2912 1422 2954 quae
1439 2925 1490 2930 -—
1506 2900 1771 2954 praestatur
1782 2905 1821 2938 Α
