2055 3130
572 67 648 111 IV.
682 65 973 110 Prooemium
1008 71 1134 110 1—7.
1171 71 1210 119 1,
1237 71 1363 109 1—3.
1690 65 1795 118 185

118 209 257 256 nobis
297 208 649 270 expectationis
691 207 892 268 adiecit,
943 208 1139 252 tantum
1184 205 1372 268 ingenii
1419 205 1637 265 adspiret
1684 205 1796 251 dex-

114 284 287 344 terque
328 297 385 329 ac
423 283 593 330 volens
634 281 764 328 adsit
804 283 853 327 et
890 297 967 326 me
1010 280 1206 340 qualem
1246 294 1348 326 esse
1389 278 1597 326 credidit
1629 279 1794 325 faciat.

116 357 254 403 cuius
293 357 418 402 mihi
455 355 708 418 religionis
755 370 853 401 non
891 354 1012 400 haec
1060 354 1165 400 sola
1211 353 1361 412 ratio,
1410 368 1534 413 quae
1581 354 1797 400 maxima

115 433 203 489 est,
244 430 328 477 sed
367 430 554 489 alioqui
593 429 661 475 sic
692 427 914 488 procedit
952 427 1115 487 ipsum
1162 442 1298 487 opus,
1336 429 1394 472 ut
1430 426 1625 483 ⁸maiora
1656 442 1796 487 prae-

71 519 89 551 5
114 504 274 551 teritis
315 519 372 550 ac
409 504 567 564 magis
601 502 755 548 ardua
787 501 900 560 sint,
942 517 1068 562 quae
1093 500 1357 562 ingredior.
1399 500 1621 561 sequitur
1653 502 1797 558 enim,

113 581 170 624 ut
209 577 517 624 iudicialium
556 591 832 634 causarum,
872 591 998 636 quae
1038 578 1151 621 sunt
1188 574 1400 622 maxime
1440 574 1607 622 variae
1649 577 1798 634 atque

114 651 427 711 multiplices,
476 650 593 697 ordo
635 649 927 711 explicetur:
985 648 1115 710 quod
1152 648 1391 708 prooemii
1444 650 1509 695 sit
1564 647 1796 707 officium,

115 741 240 786 quae
279 726 408 771 ratio
448 723 698 783 narrandi,
739 739 865 784 quae
904 722 1255 783 probationum
1300 722 1443 781 fides,
1491 738 1575 769 seu
1621 737 1799 782 propo-

115 800 213 845 sita
252 798 594 846 confirmamus
635 813 720 845 seu
760 800 931 844 contra
964 797 1096 843 dicta
1129 796 1455 856 dissolvimus,
1497 799 1685 856 quanta
1723 796 1799 842 vis

49 889 91 920 10
115 873 167 919 in
206 871 495 934 perorando,
544 887 629 919 seu
667 871 929 918 reficienda
967 871 1110 918 brevi
1155 870 1448 931 repetitione
1494 886 1662 916 rerum
1701 886 1798 915 me-

113 947 273 993 moria
313 948 387 993 est
425 945 601 993 iudicis
635 948 737 993 sive
778 945 1014 1003 adfectus,
1057 944 1187 1005 quod
1229 948 1301 991 est
1339 945 1484 1007 longe
1516 944 1799 1005 potentissi-

113 1037 263 1079 mum,
311 1019 663 1067 commovendi.
715 1019 773 1066 de
823 1019 1000 1080 quibus
1048 1019 1272 1079 partibus
1329 1018 1541 1080 singulis
1597 1017 1801 1078 quidam

115 1096 383 1155 separatim
422 1089 642 1142 scribere
678 1093 961 1140 maluerunt
1011 1092 1150 1140 velut
1205 1108 1328 1140 onus
1380 1093 1534 1139 totius
1583 1093 1800 1152 corporis

109 1169 274 1228 yeriti,
326 1170 376 1215 et
427 1169 495 1215 sic
550 1184 745 1229 quoque
801 1167 1066 1228 compluris
1119 1167 1176 1214 de
1227 1182 1326 1213 una
1381 1182 1577 1227 quaque
1629 1182 1800 1212 earum

49 1258 89 1290 15
114 1242 266 1290 libros
307 1243 577 1289 ediderunt.
636 1257 757 1303 quas
799 1258 888 1304 ego
942 1243 1098 1288 omnis
1151 1256 1298 1288 ausus
1355 1243 1608 1287 contexere
1647 1256 1801 1301 prope

114 1315 366 1363 infinitum
411 1317 630 1364 laborem
681 1316 927 1377 prospicio
985 1319 1032 1363 et
1085 1315 1194 1377 ipsa
1247 1315 1546 1377 cogitatione
1587 1313 1802 1375 suscepti

115 1391 331 1438 muneris
370 1391 567 1453 fatigor.
627 1390 710 1437 sed
749 1390 1026 1437 durandum
1067 1392 1152 1450 est,
1195 1389 1312 1450 quia
1352 1390 1616 1450 coepimus,
1665 1390 1714 1434 et
1761 1389 1803 1434 si

115 1464 304 1511 viribus
345 1464 639 1525 deficiemur,
681 1464 844 1511 animo
884 1467 1050 1511 tamen
1090 1463 1518 1525 perseverandum.

737 1590 835 1648 [DE
868 1588 1169 1647 Exoamo]

49 1703 91 1734 20
227 1686 264 1733 Ι.
307 1685 446 1742 Quod
485 1688 852 1747 principium
904 1686 1083 1733 Latine
1130 1687 1209 1733 vel
1257 1685 1561 1733 exordium
1609 1684 1803 1745 dicitur,

115 1762 303 1808 maiore
345 1761 558 1822 quadam
605 1762 798 1807 ratione
848 1759 1025 1808 Graeci
1063 1760 1294 1807 Videntur
1339 1759 1601 1825 προοίμιον
1647 1760 1803 1806 1101111-

115 1850 273 1896 nasse,
316 1836 432 1895 quia
473 1851 500 1881 a
539 1836 722 1882 nostris
762 1836 963 1881 initium
1001 1835 1146 1882 modo
1180 1834 1510 1897 significatur,
1558 1833 1633 1879 illi
1682 1834 1802 1879 satis

116 1909 245 1956 clare
283 1912 477 1969 partem
514 1909 641 1956 hanc
683 1924 784 1956 esse
825 1912 940 1956 ante
978 1909 1253 1971 ingressum
1293 1911 1379 1968 rei,
1419 1909 1476 1955 de
1512 1923 1608 1968 qua
1642 1907 1803 1953 dicen-

118 1983 233 2030 dum
273 1985 351 2043 sit,
393 1984 669 2031 ostendunt.
710 1999 826 2030 nam
866 1985 968 2030 sive
1009 1987 1283 2044 propterea,
1325 1983 1456 2043 quod
1488 1981 1603 2044 οἴμη
1631 1984 1803 2028 cantus

50 2073 91 2105 25
118 2059 192 2104 est
245 2059 294 2104 et
349 2057 620 2105 citharoedi
673 2073 831 2118 pauca
877 2058 990 2117 illa,
1038 2073 1163 2118 quae
1213 2060 1478 2117 antequam
1525 2057 1805 2118 legitimum

118 2134 363 2178 certamen
402 2133 634 2179 incohent
674 2132 922 2178 emerendi
960 2132 1144 2179 favoris
1185 2133 1347 2194 gratia
1388 2133 1585 2189 canunt,
1633 2145 1804 2191 prooe-

115 2207 271 2252 mium
311 2206 797 2269 cognominaverunt,
850 2209 1069 2254 oratores
1122 2221 1314 2266 quoque
1368 2221 1445 2265 ea,
1495 2219 1620 2266 quae
1667 2206 1804 2264 prius

119 2296 264 2340 quam
315 2295 513 2327 causam
567 2280 884 2327 exordiantur
938 2280 1001 2326 ad
1055 2280 1388 2327 conciliandos
1440 2279 1534 2326 sibi
1586 2278 1803 2324 iudicum

119 2355 310 2401 animos
348 2354 721 2414 praelocuntur,
770 2354 938 2401 eadem
989 2355 1322 2416 appellatione
1371 2355 1653 2415 signarunt,
1702 2354 1804 2399 sive

53 2444 95 2475 30
121 2427 250 2489 quod
298 2422 442 2490 οἷμον
488 2428 620 2475 1ᾶο111
661 2427 835 2476 Graeci
880 2430 1016 2475 viam
1063 2429 1339 2489 appellant,
1394 2428 1468 2487 id,
1520 2426 1650 2488 quod
1690 2428 1805 2473 ante

118 2503 393 2564 ingressum
447 2505 522 2549 rei
566 2503 780 2563 ponitur,
833 2504 901 2550 sic
963 2518 1137 2550 vocare
1186 2505 1260 2550 est
1312 2504 1619 2549 institutum:
1677 2503 1806 2547 certe

120 2577 426 2637 prooemium
467 2580 553 2637 est,
595 2577 727 2638 quod
766 2577 899 2637 apud
936 2577 1150 2624 iudicem
1189 2576 1287 2623 dici
1326 2577 1462 2636 prius
1505 2591 1653 2636 quam
1692 2590 1803 2621 cau-

241 2823 266 2862 8
301 2819 362 2863 sit
392 2820 505 2863 fides
538 2829 627 2863 BP
760 2825 783 2863 9
819 2821 917 2864 sive
950 2823 1112 2864 cont-ra
1144 2828 1188 2862 B
1330 2825 1384 2862 27
1418 2820 1809 2877 cognominarunt

125 2879 234 2923 Cass
257 2894 293 2934 p
328 2883 409 2922 501
444 2880 802 2923 nomina-verunt
831 2888 868 2921 A
991 2885 1046 2922 32
1081 2879 1174 2922 dici
1206 2894 1276 2923 om
1308 2887 1396 2921 BP

1839 1981 1869 2023 [θ

1840 2351 1871 2394 3
