2007 3120
767 67 822 110 11.
856 73 897 122 4,
931 70 1120 110 25-37.
1719 67 1788 119 83

104 225 212 256 eum
255 224 353 255 non
392 211 497 256 tam
535 208 774 256 insertum
817 223 966 267 quam
1006 206 1314 267 adplicitum,
1353 206 1433 253 vel
1474 207 1608 267 quod
1648 207 1787 254 dissi-
1814 216 1874 260 31

101 284 234 329 milis
267 286 341 329 est
381 284 568 343 ceteris,
607 283 688 329 vel
729 280 861 342 quod
891 281 1182 342 plerumque
1217 280 1410 326 adsumi
1435 282 1586 327 etiam
1611 296 1790 341 parum

103 360 217 417 apte
260 357 398 417 solet,
439 372 539 403 non
578 357 698 417 quia
750 355 1071 415 desideratur,
1128 354 1210 401 sed
1259 356 1375 415 quia
1430 357 1638 415 paratus
1694 359 1788 415 est,

101 439 160 477 ut
201 431 404 492 quidam
444 431 804 477 sententiarum
844 430 1008 491 gratia
1048 427 1420 475 verbosissimos
1459 429 1591 475 locos
1633 444 1788 476 arces-

59 521 76 551 5
103 508 231 563 sunt,
272 520 384 551 cum
425 521 481 550 ex
520 504 640 551 locis
682 503 857 550 debeat
894 504 1032 549 nasci
1072 502 1339 548 sententia:
1371 504 1444 549 ita
1484 505 1599 549 sunt
1625 505 1790 549 autem
1815 511 1876 555 32

102 580 322 640 speciosa
371 578 491 624 haec
547 581 595 625 et
648 578 813 637 utilia,
869 577 909 623 si
959 578 1187 623 oriuntur
1235 592 1291 622 ex
1348 591 1517 636 causa3
1574 579 1788 623 ceterum

103 652 375 713 quamlibet
412 652 621 713 pulchra
647 651 875 710 elocutio,
907 653 1005 697 nisi
1030 651 1094 697 ad
1116 650 1379 697 victoriam
1402 650 1578 709 tendit,
1617 651 1789 712 utique

102 741 420 787 supervacua,
462 726 546 772 sed
583 726 785 773 interim
825 725 978 772 etiam
1025 726 1273 772 contraria
1322 728 1407 771 est.
1456 740 1628 772 verum
1675 725 1787 772 hac-

99 804 243 847 tenus
284 802 487 862 evagari
525 802 646 846 satis
686 800 852 846 fuerit.

35 892 76 921 10
212 873 430 936 Legum
468 875 599 921 laus
640 890 703 921 ac
742 874 1124 934 vituperatio
1163 873 1263 919 iam
1302 872 1513 919 maiores
1555 888 1609 919 30
1635 889 1788 934 prope
1815 880 1877 924 33

102 950 303 995 summis
344 948 571 1009 operibus
612 949 901 995 suffecturas
933 949 1061 994 vires
1088 947 1389 994 desiderant:
1433 962 1556 1008 quae
1592 947 1784 1008 quidem

0 1050 1 1068 1
101 1023 333 1070 suasoriis
375 1039 435 1069 an
477 1022 822 1070 controversiis
871 1023 1031 1084 magis
1080 1021 1449 1068 accommodata
1497 1023 1562 1069 sit
1610 1021 1788 1068 exerci-

0 1095 1 1140 1
99 1097 241 1157 tatio,
283 1097 635 1144 consuetudine
663 1100 711 1144 et
735 1097 840 1143 iure
875 1096 1156 1144 civitatium
1193 1096 1370 1142 differt.
1413 1095 1543 1156 apud
1578 1094 1788 1143 Graecos

101 1171 233 1218 enim
280 1172 412 1219 lator
467 1187 634 1218 earum
684 1171 746 1218 ad
800 1171 1011 1217 iudicem
1067 1169 1353 1229 vocabatur,
1409 1169 1644 1216 Romanis
1698 1187 1788 1230 pro

34 1262 74 1293 15
101 1245 327 1292 contione
369 1246 572 1293 suadere
614 1261 670 1292 30
711 1245 990 1293 dissuadere
1030 1244 1182 1291 moris
1221 1244 1340 1291 fuit:
1380 1245 1591 1304 utroque
1618 1246 1786 1291 autem

98 1319 243 1367 modo
284 1335 443 1381 pauca
483 1319 542 1367 de
566 1320 642 1366 his
684 1322 732 1366 et
772 1320 871 1366 fere
898 1322 1032 1366 certa
1072 1319 1313 1366 dicuntur.
1362 1333 1479 1365 nam
1521 1321 1569 1365 et
1609 1334 1790 1381 genera
1815 1324 1879 1369 34

101 1396 216 1440 sunt
268 1394 369 1441 tria
423 1394 564 1455 sacri,
618 1394 821 1455 publici,
875 1394 1063 1455 privati
1112 1394 1259 1439 iuris:
1317 1408 1442 1453 quae
1495 1392 1671 1439 divisio
1729 1393 1791 1439 ad

99 1467 298 1514 laudem
337 1468 497 1531 magis
538 1471 744 1530 spectat,
800 1469 840 1516 si
889 1469 1001 1529 quis
1051 1484 1159 1515 eam
1212 1483 1301 1528 per
1355 1466 1536 1530 gradus
1593 1470 1789 1529 augeat,

101 1543 232 1603 quod
271 1543 365 1602 lex,
421 1543 554 1604 quod
590 1543 806 1604 publica,
855 1542 986 1604 quod
1033 1542 1096 1588 ad
1143 1542 1435 1604 relig-ionem
1484 1541 1629 1587 deum
1677 1557 1789 1589 0011-

33 1633 75 1664 20
99 1619 278 1678 parata
319 1619 396 1664 sit.
438 1633 496 1664 03
537 1617 749 1680 quidem,
791 1617 849 1664 de
890 1616 1068 1678 quibus
1111 1616 1282 1677 quaeri
1324 1615 1464 1675 solet,
1512 1616 1788 1662 communia

101 1691 341 1738 omnibus.
383 1694 471 1739 aut
511 1693 641 1739 enim
682 1692 739 1738 de
779 1694 888 1738 iure
923 1690 1145 1738 dubitari
1168 1693 1331 1751 potest
1359 1691 1478 1749 eius,
1521 1689 1604 1750 qui
1629 1693 1789 1752 rogat,
1815 1697 1877 1741 35

99 1767 158 1811 ut
199 1765 256 1812 de
295 1766 348 1812 P.
394 1765 549 1825 Clodi,
590 1766 674 1827 qui
714 1782 812 1813 non
852 1767 947 1812 rite
990 1768 1182 1812 creatus
1207 1764 1437 1811 tribunus
1464 1764 1788 1826 arguebatur:

101 1842 189 1886 aut
227 1839 285 1887 de
325 1840 480 1901 ipsius
519 1841 810 1903 rogationis,
852 1839 982 1901 quod
1024 1843 1096 1886 est
1134 1839 1343 1898 varium,
1385 1839 1486 1886 sive
1526 1854 1626 1885 non
1657 1839 1788 1886 trino

99 1913 227 1960 forte
267 1914 486 1962 nundino
526 1915 845 1977 promulgata
885 1917 988 1962 sive
1027 1930 1125 1961 non
1166 1913 1342 1960 idoneo
1377 1912 1454 1959 die
1488 1913 1591 1960 sive
1617 1916 1789 1960 contra

33 2004 74 2035 25
99 1988 500 2036 intercessionem
539 1990 619 2036 vel
659 1990 881 2051 auspicia
930 1988 1125 2036 aliudve
1175 1987 1309 2048 quid,
1368 1987 1499 2047 quod
1553 1987 1789 2049 legitimis

101 2062 275 2123 obstet,
318 2063 499 2110 dicitur
537 2064 643 2111 lata
684 2079 787 2111 esse
826 2063 907 2112 vel
952 2063 1085 2122 ferri,
1133 2064 1234 2110 sive
1284 2061 1433 2109 alicui
1480 2063 1789 2108 manentium

99 2137 265 2199 legum
303 2154 594 2200 repugnare.
644 2138 728 2185 sed
766 2138 888 2184 11300
921 2137 982 2184 ad
1022 2138 1136 2184 illas
1177 2136 1362 2198 primas
1415 2136 1789 2183 exercitationes
1815 2143 1877 2187 36

100 2226 197 2258 11011
238 2212 509 2272 pertinent:
550 2228 667 2258 nam
706 2215 823 2259 sunt
865 2228 949 2260 eae
976 2213 1099 2258 01113
1134 2211 1428 2272 conplexum
1453 2225 1788 2271 personarum,

99 2288 399 2348 temporum,
449 2302 721 2334 causarum.
778 2287 971 2348 reliqua
1028 2285 1196 2333 eadem
1252 2286 1353 2331 fere
1409 2300 1524 2331 vero
1574 2283 1788 2346 fictoque

34 2374 77 2406 30
102 2361 368 2408 certamine
406 2361 555 2408 huius
594 2361 730 2408 modi
752 2363 1056 2408 tractantur:
1096 2376 1212 2406 nam
1236 2359 1416 2406 vitium
1441 2360 1528 2405 aut
1550 2358 1602 2404 in
1627 2359 1790 2407 verbis
1815 2366 1874 2410 37

102 2436 188 2480 aut
233 2435 284 2480 in
332 2435 475 2482 rebus
539 2438 624 2482 est.
679 2437 732 2481 in
785 2435 947 2482 verbis
1005 2434 1271 2495 quaeritur,
1336 2432 1456 2480 satis
1512 2432 1791 2495 significent

103 2524 166 2555 an
204 2510 269 2555 sit
307 2511 360 2556 in
397 2509 458 2556 iis
500 2509 690 2570 aliquid
729 2509 1039 2572 ambiguum:
1079 2509 1132 2555 in
1162 2508 1322 2568 rebus,
1364 2524 1425 2553 an
1450 2507 1529 2553 lex
1562 2507 1657 2554 sibi
1680 2509 1791 2569 ipsa

102 2583 390 2644 consentiat,
432 2599 496 2630 an
534 2585 587 2630 in
624 2584 952 2646 praeteritum
991 2584 1111 2630 ferri
1150 2582 1340 2642 debeat,
1382 2598 1444 2628 an
1475 2581 1527 2627 in
1568 2581 1787 2644 singulos

100 2655 334 2704 homines.
377 2659 587 2705 maxime
626 2674 743 2706 vero
785 2674 1043 2706 commune
1085 2660 1158 2705 est
1200 2671 1450 2718 quaerere,
1492 2670 1555 2702 an
1599 2657 1663 2703 sit
1703 2657 1787 2703 ho-

222 2831 276 2870 10
307 2826 402 2870 13111
434 2842 500 2871 om
535 2829 643 2870 ΒΡ1
736 2833 789 2871 13
823 2829 1070 2872 civitatum
1100 2829 1166 2872 sic
1188 2834 1325 2870 ΛΡΝ
1410 2831 1464 2868 22
1499 2824 1659 2869 Clodio
1691 2835 1728 2868 A

104 2889 158 2928 ‘25
191 2885 543 2931 intercessiones
577 2887 732 2930 A²P2b
826 2893 878 2931 31
914 2902 973 2931 an
1006 2887 1120 2931 satis
1153 2895 1239 2929 ΑΡ
1328 2891 1381 2928 33
1414 2885 1576 2928 referri
1609 2894 1714 2928 Pal>

1466 2961 1521 3003 6*
