2055 3130
272 84 375 136 196
765 84 1138 137 QVINTILIANI
1167 84 1315 127 INST.
1351 84 1442 129 ΟΕ.

268 222 410 269 debet
448 224 620 282 oratic,
660 238 815 283 neque
854 225 1020 270 tamen
1060 223 1268 270 deducta
1307 237 1497 283 semper
1536 226 1683 284 atque
1731 225 1934 272 611611111-

267 296 380 354 11133,
435 296 518 342 sed
584 311 727 357 saepe
783 296 996 357 simplici
1057 299 1204 356 atque
1257 296 1563 343 inlaboratae
1619 297 1792 344 similis
1847 299 1934 345 'nec

267 368 426 415 verbis
473 369 710 428 vultuque
760 369 913 415 nimia
966 371 1277 430 promittens3
1333 369 1641 416 dissimulata
1695 372 1824 416 enim
1870 373 1933 431 613,

265 444 321 488 ut
353 440 526 488 Graeci
557 441 739 501 dicunt,
779 439 1108 503 ἀνεπίφαντος
1140 444 1268 490 actio
1300 443 1475 488 melius
1515 458 1658 503 saepe
1698 443 1932 504 subrepit.

267 514 350 561 sed
381 515 515 574 haec,
553 517 701 575 prout
739 515 942 561 formari
981 517 1198 561 animum
1236 515 1452 562 iudicum
1492 515 1726 576 expediet.

178 588 237 631 61
376 587 587 633 Turbari
625 589 912 634 memoriam
943 589 1022 634 vel
1048 588 1368 635 continuandi
1398 589 1547 635 verba
1577 590 1814 636 facultate
1853 589 1933 637 de-

268 661 408 707 stitui
446 676 689 721 nusquam
727 663 944 721 turpius,
992 677 1101 708 cum
1151 662 1384 709 vitiosum
1430 664 1732 722 prooemium
1777 663 1933 723 possit

266 734 423 780 videri
439 735 727 780 cicatricosa
742 734 913 781 facies:
937 735 986 781 et
1001 736 1238 795 pessimus
1260 737 1386 782 certe
1409 735 1721 797 gubernator,
1741 737 1826 796 qui
1848 751 1933 781 na-

177 807 238 851 62
265 823 389 866 vem,
417 807 532 853 dum
549 810 695 867 portu
709 808 973 871 egreditur,
990 808 1192 870 inpegit.
1217 808 1387 855 modus
1411 811 1575 854 autem
1598 809 1829 869 principii
1844 824 1932 870 pro

266 895 432 938 causa,
473 896 587 926 nam
611 881 754 927 breve
781 881 1040 942 simplices,
1079 882 1273 943 longius
1300 881 1557 942 perplexae
1583 883 1930 942 suspectaeque

266 956 314 1000 et
350 954 558 1000 infames
583 953 872 1002 desiderant,
913 954 1103 1001 ridendi
1135 971 1264 1014 vero,
1290 955 1373 1016 qui
1405 955 1540 1001 velut
1570 955 1728 1016 legem
1759 970 1932 1016 prooe-

264 1027 375 1073 miis
416 1026 639 1074 omnibus
680 1027 931 1086 dederunt,
971 1031 1026 1074 ut
1063 1028 1195 1075 i'ntra
1235 1031 1469 1088 quattuor
1501 1043 1669 1075 sensus
1701 1028 1931 1075 termina-

263 1104 445 1147 rentur.
494 1116 580 1146 nec
633 1102 794 1147 minus
842 1101 1072 1148 evitanda
1112 1104 1184 1148 est
1221 1101 1467 1148 inmodica
1513 1102 1614 1148 61113
1660 1101 1932 1164 longitudo,

264 1190 324 1220 ne
362 1175 413 1219 in
469 1176 616 1234 caput
663 1175 928 1222 excrevisse
968 1175 1193 1221 videatur
1233 1177 1281 1221 et
1321 1190 1415 1234 quo
1454 1190 1749 1236 praeparare
1789 1175 1933 1221 debet

175 1246 237 1290 63
263 1248 451 1308 fatiget.
505 1262 775 1294 sermonem
816 1264 844 1295 a
882 1262 1090 1308 persona
1136 1248 1309 1294 iudicis
1350 1263 1573 1294 aversum
1620 1242 1930 1313 (ἀποστροφή

265 1313 466 1385 dicitur)
509 1321 710 1381 quidam
749 1321 801 1367 in
839 1324 1001 1367 tot-um
1027 1337 1053 1367 a
1079 1322 1326 1382 prooemio
1353 1321 1655 1380 submovent,
1695 1321 1932 1368 nonnulla

266 1393 464 1453 quidem
494 1393 545 1439 in
578 1394 703 1440 hanc
734 1396 1099 1454 persuasionem
1128 1395 1319 1441 ratione
1345 1393 1554 1441 deducti.
1595 1410 1711 1440 nam
1734 1409 1931 1455 prorsus

264 1482 365 1514 esse
405 1467 493 1513 hoc
532 1469 688 1530 magis
730 1467 995 1514 secundum
1034 1470 1261 1514 naturam
1287 1467 1614 1514 confitendum
1645 1470 1731 1527 est,
1763 1469 1820 1514 ut
1850 1483 1930 1515 eos

264 1540 587 1600 adloquamur
625 1541 955 1601 potissimum,
1004 1556 1123 1602 quos
1172 1542 1431 1588 conciliare
1478 1541 1618 1588 nobis
1665 1541 1930 1588 studemus.

176 1613 237 1657 64
263 1614 461 1660 interim
499 1616 665 1660 tamen
705 1618 753 1660 613
793 1618 865 1661 6313
903 1616 1151 1675 prooemio
1192 1616 1493 1662 necessarius
1535 1629 1702 1661 sensus
1735 1615 1930 1675 aliquis,

265 1690 312 1733 et
350 1687 429 1733 hic
469 1689 627 1734 acrior
665 1687 721 1734 fit
762 1691 908 1748 atque
947 1688 1281 1735 vehementior
1320 1687 1381 1733 ad
1419 1703 1677 1749 personam
1710 1687 1930 1735 derectus

264 1761 478 1807 alterius.
521 1760 650 1821 quod
689 1761 730 1807 si
770 1761 974 1820 accidat,
1022 1777 1117 1822 quo
1158 1762 1261 1808 iure
1303 1764 1388 1808 aut
1435 1777 1534 1822 qua
1579 1764 1721 1808 tanta
1766 1776 1932 1822 super-

264 1835 462 1880 stitione
516 1835 861 1893 prohibeamur
917 1835 1031 1882 dare
1086 1850 1172 1895 per
1225 1836 1350 1881 hanc
1402 1834 1612 1897 figuram
1663 1834 1930 1882 sententiae

175 1908 236 1951 65
262 1905 422 1954 vires?
462 1923 618 1968 neque
660 1908 789 1953 enim
819 1908 952 1955 istud
984 1910 1242 1968 scriptores
1277 1910 1469 1967 artium,
1510 1910 1625 1968 quia
1650 1924 1746 1954 non
1770 1908 1930 1967 liceat,

263 1981 347 2027 sed
388 1981 501 2041 quia
540 1997 637 2027 non
678 1984 852 2041 putent
890 1982 1028 2040 utile,
1069 1984 1251 2028 vetant.
1291 1976 1383 2040 ita,
1430 1982 1470 2029 si
1516 1981 1679 2028 vincet
1723 1982 1929 2041 utilitas,

261 2057 463 2114 propter
504 2055 705 2100 eandem
747 2070 942 2102 causam
981 2056 1139 2102 facere
1181 2055 1483 2113 debebimus,
1538 2057 1738 2115 propter
1784 2071 1931 2115 quam

175 2127 236 2170 66
262 2132 499 2174 vetamur.
549 2130 597 2174 et
636 2128 987 2175 Demosthenes
1035 2132 1200 2175 autem
1247 2129 1308 2175 ad
1347 2128 1621 2175 Aeschinen
1659 2128 1930 2175 orationem

261 2202 314 2246 in
352 2202 601 2261 prooemio
643 2202 897 2261 convertit,
954 2205 1001 2248 et
1040 2202 1103 2248 M.
1145 2202 1334 2248 Tullius
1376 2217 1484 2248 cum
1522 2217 1610 2262 pro
1663 2202 1772 2248 aliis
1826 2203 1930 2261 qui-

262 2274 481 2333 busdam,
522 2274 583 2321 ad
623 2290 742 2335 quos
784 2276 828 2322 ei
867 2277 1029 2322 visum
1071 2278 1156 2334 est,
1203 2278 1310 2322 tum
1356 2291 1444 2335 pro
1483 2274 1683 2336 Ligario
1734 2274 1796 2321 ad
1835 2275 1929 2320 Tu-

175 2348 232 2391 67
260 2347 512 2395 beronem:
552 2363 666 2394 nam
707 2352 813 2394 erat
843 2349 998 2395 multo
1030 2350 1200 2395 futura
1230 2349 1525 2410 languidior,
1565 2349 1605 2395 si
1638 2351 1764 2395 esset
1788 2348 1932 2394 aliter

262 2421 486 2482 figurata,
543 2421 671 2482 quod
732 2422 926 2469 facilius
983 2425 1262 2484 cognoscet,
1325 2423 1367 2469 si
1421 2421 1527 2482 quis
1578 2425 1736 2468 totam
1789 2421 1930 2467 illam

379 2581 406 2617 4
431 2573 717 2629 ἀνεπίφατος
745 2577 870 2619 libri.-
894 2590 993 2619 corr
1010 2576 1218 2631 Schaefer
1301 2581 1325 2619 6
1343 2576 1611 2619 memoriam
1637 2584 1672 2618 A
1703 2577 1802 2631 th
1819 2580 1929 2619 423:

263 2634 483 2676 memoria
513 2642 601 2676 BP
718 2638 741 2676 9
777 2637 932 2677 autem
965 2648 1034 2678 om
1058 2643 1094 2675 A
1217 2639 1270 2677 10
1303 2635 1484 2677 brevius
1512 2643 1615 2677 Pab
1737 2640 1790 2678 15
1816 2635 1929 2677 ἀπο-

263 2692 438 2747 στροφή
479 2700 539 2735 B:
586 2706 704 2747 quae
737 2693 813 2735 ἀπ.
848 2701 884 2734 A
916 2693 995 2747 qui
1028 2694 1106 2736 ἀπ.
1142 2701 1185 2735 Ρ
1213 2694 1264 2746 cf
1289 2695 1384 2737 adn
1410 2708 1445 2748 p
1478 2698 1558 2737 151
1715 2698 1765 2735 17
1800 2693 1929 2736 ducti

261 2759 349 2792 BP
374 2756 378 2801 Ι
406 2765 566 2806 prosus
599 2759 643 2793 Β
761 2757 815 2794 20
848 2753 934 2794 hoc
966 2752 1198 2807 prooemio
1231 2760 1276 2794 Β
1312 2753 1387 2794 1116
1419 2767 1460 2807 p.
1496 2760 1540 2794 P
1568 2754 1759 2807 inrepsit
1796 2754 1929 2796 varia

263 2811 385 2853 lectio
411 2810 471 2852 ad
504 2811 518 2852 Z
547 2813 620 2864 21,
653 2810 733 2853 ubi
762 2810 839 2853 hic
871 2819 927 2853 A:
962 2811 1000 2853 is
1033 2819 1121 2853 BP
1267 2816 1320 2853 25
1353 2813 1523 2866 putant
1555 2812 1608 2854 ed
1642 2811 1782 2866 Camp

264 2872 317 2910 28
350 2868 410 2910 M.
443 2882 513 2912 om
544 2876 588 2910 B

1957 900 1999 930 10

1957 1266 1999 1297 15

1956 1633 1998 1663 20

1955 1999 1996 2030 25

1955 2364 1998 2396 30

2053 2113 2055 2152 1
