2055 3130
748 71 802 114 V.
839 77 908 126 10,
942 77 1129 117 34—46.
1673 75 1779 127 257

96 213 313 274 pertinet
350 213 508 272 locus3
547 228 704 273 neque
745 213 875 259 enim
914 211 1095 274 ubique
1135 212 1267 259 idem
1307 215 1393 259 aut
1432 214 1547 260 licet
1579 217 1669 261 aut
1701 215 1780 261 de-

97 303 265 334 corum
303 289 398 333 est:
439 288 557 347 quin
598 287 747 333 etiam
786 286 838 332 in
878 301 975 345 qua
1014 285 1230 347 quidque
1270 288 1474 334 civitate
1515 291 1782 348 quaeratur

95 361 315 419 interest,
346 359 564 406 moribus
599 362 728 406 enim
761 362 808 405 et
840 359 1030 421 legibus
1063 359 1261 407 distant.
1304 360 1365 407 ad
1398 361 1778 408 commendatio·
1806 361 1866 407 41

100 451 212 480 110111
253 450 448 494 quoque
490 437 536 480 et
575 433 815 480 invidiam
856 433 1009 492 valet3
1064 450 1181 480 nam
1220 436 1268 481 et
1307 435 1435 482 Aiax
1483 436 1615 495 apud
1663 433 1779 482 Ovi-

48 520 70 552 5
97 507 235 554 dium
276 504 408 554 ‘ante
448 504 597 555 rates'
639 509 815 568 inquit,
859 503 1069 569 ‘agimus
1111 523 1323 565 causam,
1365 512 1414 555 et·
1445 525 1636 555 mecum
1668 525 1778 556 con-

95 583 253 628 fertur
291 577 501 629 Ulixes!⁹
550 584 597 628 et
636 581 813 628 Miloni
850 581 981 626 inter
1019 585 1180 628 cetera
1222 582 1466 630 obiectum
1515 586 1601 642 est,
1649 584 1779 644 quod

96 655 297 703 Clodius
337 658 388 702 in
429 657 759 702 monumentis
801 654 860 702 ab
903 671 958 702 eo
998 657 1242 702 maiorum
1282 673 1483 704 suorum
1535 660 1661 705 esset
1701 673 1777 704 00-

94 732 234 776 cisus.
287 730 350 776 ad
412 729 649 776 suadendi
702 732 952 776 momenta
1005 729 1137 776 idem
1187 730 1335 790 valet,
1392 732 1519 778 sicut
1568 734 1777 792 tempus,
1803 731 1866 776 42

95 803 230 850 cuius
269 806 540 850 tractatum
580 803 888 866 subiungam.
931 804 1035 851 eius
1077 806 1257 863 autem,
1301 807 1354 851 ut
1394 805 1492 851 alio
1531 805 1638 852 loco
1678 807 1779 852 iam

27 891 68 922 ιο
93 877 209 936 dixi,
243 877 423 938 duplex
454 877 748 940 significatio
783 880 875 924 est:
916 878 1214 939 generaliter
1253 880 1383 925 enim
1416 881 1464 925 et
1496 880 1779 939 specialiter

92 952 344 1012 accipitur.
385 953 523 1012 prius
562 951 687 997 illud
720 954 791 998 est
835 947 995 1010 ‘nunc,
1037 952 1169 1012 olim,
1209 952 1298 999 sub
1331 952 1626 1013 Alexandro,
1668 969 1778 1000 cum

92 1025 224 1086 apud
260 1026 411 1072 Ilium
449 1028 726 1087 pugnatum
774 1021 881 1085 est'7
931 1025 1139 1087 denique
1185 1027 1524 1087 praeteritum,
1571 1028 1776 1087 instans⁷

89 1099 326 1146 futurum.
403 1100 495 1147 1100
558 1115 764 1160 sequens
826 1100 974 1146 habet
1039 1104 1086 1147 et
1157 1102 1426 1147 constituta
1491 1100 1776 1149 discrimina

93 1169 315 1233 ‘aestatQ
347 1173 522 1233 hieme,
554 1179 718 1234 noctu,
757 1170 1010 1233 interdiu'‚
1052 1177 1099 1221 et
1131 1175 1338 1222 fortuita
1374 1171 1444 1220 ‘in
1474 1176 1775 1236 pestilentia,

21 1259 63 1291 15
89 1249 141 1293 in
179 1248 324 1310 bello,
364 1247 416 1293 in
457 1244 718 1295 convifio’.
764 1247 1059 1295 Latinorum
1100 1248 1301 1309 quidam
1343 1249 1462 1296 satis
1504 1249 1775 1312 significari
1801 1249 1864 1294 43

88 1324 404 1382 putaverunt,
444 1324 485 1369 si
516 1322 643 1369 illud
675 1323 901 1385 generale
934 1330 1144 1384 tempus,
1183 1322 1273 1369 1100
1307 1323 1518 1384 speciale
1550 1328 1776 1385 tempora

87 1400 335 1443 vocarent.
379 1413 587 1457 quorum
626 1404 949 1457 utrorumque
989 1397 1116 1443 ratio
1159 1399 1207 1443 et
1238 1399 1290 1443 in
1323 1398 1541 1446 consiliis
1576 1398 1776 1459 quidem

90 1473 138 1516 et
176 1471 230 1516 in
267 1470 355 1517 illo
396 1470 782 1518 demonstrativo
832 1487 1007 1534 genere
1054 1474 1295 1529 versatur,
1345 1471 1429 1519 sed
1475 1474 1528 1518 in
1574 1473 1773 1520 iudiciis

87 1545 487 1604 frequentissima
528 1548 612 1593 est.
653 1561 769 1592 nam
801 1558 848 1592 et
880 1547 1001 1593 iuris
1036 1547 1348 1606 quaestiones
1381 1546 1502 1592 facit
1535 1549 1583 1593 et
1616 1548 1772 1608 quali·
1798 1545 1864 1590 44

19 1630 63 1662 20
86 1620 241 1665 tat-em
283 1619 547 1681 distinguit
588 1621 635 1665 et
676 1620 739 1665 ad
779 1621 1112 1666 coniecturam
1151 1620 1421 1680 plurimum
1469 1621 1669 1680 confert,
1717 1626 1775 1667 ut

87 1709 198 1739 cum
258 1693 458 1740 interim
507 1693 823 1754 probationes
878 1693 1283 1756 inexpugnabiles
1339 1694 1546 1754 adferat,
1603 1696 1773 1756 quales

86 1770 214 1826 sunt,
255 1768 296 1814 si
337 1767 543 1826 dicatur,
583 1770 639 1813 ut
680 1784 830 1828 supra
869 1770 1025 1828 posui,
1066 1770 1301 1831 signator,
1353 1770 1439 1830 qui
1480 1772 1593 1816 ante
1643 1770 1772 1816 diem

84 1841 370 1887 tabularum
410 1842 630 1900 decessit,
687 1846 772 1888 aut
820 1842 1117 1889 commisisse
1168 1842 1359 1902 aliquid
1413 1843 1492 1889 vel
1539 1859 1652 1890 011111
1697 1845 1771 1890 in-

83 1915 193 1963 fans
235 1919 361 1962 esset
399 1916 478 1962 vel
518 1931 630 1963 cum
669 1917 866 1964 omnino
906 1920 1051 1964 natus
1104 1933 1202 1963 non
1252 1920 1399 1963 esset:
1453 1921 1651 1977 praeter
1703 1917 1770 1977 id,
1796 1916 1859 1961 45

16 1999 59 2032 25
85 1989 219 2050 quod
270 1991 433 2036 omnia
472 1990 618 2037 facile
658 2001 950 2052 argumenta
991 1994 1077 2037 aut
1117 2007 1174 2037 ex
1211 1992 1296 2051 iis,
1348 2007 1474 2052 quae
1514 1995 1628 2039 ante
1668 2009 1772 2039 rem

83 2064 218 2110 facta
257 2065 389 2124 sunt,
431 2068 519 2111 aut
560 2080 616 2110 ex
665 2065 940 2112 coniunctis
995 2067 1069 2111 rei
1119 2068 1207 2111 aut
1254 2065 1627 2126 insequentibus
1684 2066 1772 2112 du-

84 2142 276 2184 cuntur.
350 2153 407 2183 ex
473 2139 897 2186 antecedentibus:
956 2135 1180 2186 ‘mortem
1230 2139 1447 2186 minatus
1503 2155 1566 2200 es,
1621 2143 1770 2187 noctu

85 2213 242 2271 existi,
281 2211 668 2273 proficiscentem
705 2209 1046 2260 antecessisti’.
1088 2229 1265 2260 causae
1298 2229 1491 2275 quoque
1523 2215 1770 2262 factorum

84 2288 342 2347 praeteriti
381 2291 495 2333 sunt
549 2288 800 2348 temporis.
841 2287 1109 2334 secundum
1148 2291 1343 2349 tempus
1384 2288 1616 2336 subtilius
1658 2290 1768 2349 qui-
1793 2287 1858 2332 46

15 2370 60 2406 30
84 2360 211 2420 dam,
253 2376 402 2420 quam
441 2377 634 2409 necesse
676 2364 794 2425 erat⁷
836 2362 1124 2420 diviserunt,
1164 2366 1219 2408 ut
1253 2364 1379 2409 esset
1409 2363 1569 2409 iuncti
1603 2359 1768 2410 ‘sonus

83 2434 280 2481 auditus
321 2431 428 2493 est',
469 2435 780 2482 adhaerentis
823 2432 1026 2483 ‘clamor
1058 2435 1281 2483 sublatus
1314 2432 1422 2483 est'.
1462 2437 1767 2497 insequentis

200 2580 228 2617 4
259 2575 447 2619 Metam.
484 2581 552 2630 13,
586 2582 611 2619 5
645 2602 700 2609 —
734 2582 758 2619 6
791 2592 834 2632 p.
868 2576 966 2620 Mil.
1003 2582 1040 2631 7,
1077 2581 1128 2620 17

203 2714 227 2751 5
260 2709 415 2764 inquit
447 2712 554 2752 ante
586 2712 710 2753 rates
744 2718 788 2752 P
876 2715 900 2752 S
935 2710 1056 2753 sicut
1086 2725 1157 2754 om
1189 2719 1225 2752 Α
1320 2716 1373 2754 10
1407 2710 1604 2766 simplex
1639 2719 1680 2753 B

84 2774 137 2811 12
168 2768 308 2811 Ilium
339 2777 400 2811 P:
433 2768 568 2811 illum
598 2777 684 2811 ΑΒ
804 2774 857 2812 18
889 2782 1057 2825 genere
1083 2784 1153 2812 om
1176 2771 1284 2812 ΒΡ1
1406 2776 1460 2813 23
1494 2773 1577 2813 aut
1608 2770 1741 2813 Valla
1753 2788 1766 2812 .·

83 2840 143 2869 an
173 2836 303 2870 ABP
420 2833 475 2870 24
508 2843 613 2872 cum
645 2829 797 2871 adhuc
829 2831 967 2871 natus
1002 2829 1190 2872 omnino
1221 2844 1314 2873 non
1346 2838 1383 2871 A
1506 2833 1561 2871 30
1596 2829 1766 2872 divise-

81 2889 192 2929 runt
221 2900 291 2930 om
322 2895 359 2928 A

171 2968 463 3008 vammmvs
489 2970 544 3001 ed.
568 2970 926 3001 Radermacher.
972 2971 1003 3001 Ι.
1444 2965 1498 3003 17
