2055 3130
766 66 818 109 v.
855 70 923 119 14,
957 69 1144 108 25—34.
1680 64 1787 116 305

111 212 159 256 et
199 223 256 254 ex
296 209 438 268 copia
477 208 758 254 satietatem
791 209 838 252 et
872 221 928 252 ex
960 204 1284 251 similitudine
1317 203 1576 250 fastidium
1598 204 1785 250 tulerit.

110 283 298 328 feratur
351 297 467 343 ergo
522 297 619 327 non
659 281 868 337 semitis,
923 278 1007 325 sed
1047 277 1254 338 campis,
1310 292 1406 323 non
1446 278 1522 323 uti
1562 294 1586 318 κε
1628 277 1787 323 fontes
1812 275 1874 319 31

113 356 339 418 angustis
378 354 556 402 fistulis
596 353 911 416 colliguntur,
951 351 1035 398 sed
1074 354 1131 398 ut
1161 351 1437 398 beatissimi
1468 365 1634 397 amnes
1667 351 1787 397 totis

109 428 322 475 vallibus
369 428 491 475 fluat
546 443 601 475 ac
661 427 755 474 sibi
804 427 952 485 viam,
1011 427 1054 473 si
1111 425 1306 486 quando
1369 440 1467 471 non
1530 424 1787 484 acceperit,

65 521 83 551 5
110 502 274 550 faciat.
329 518 444 549 nam
500 501 617 562 quid
663 501 752 547 illa
802 501 1028 547 miserius
1078 499 1185 561 lege
1240 499 1377 545 velut
1430 498 1827 569 praeformatas⁹

43 891 84 921 10

108 575 381 624 infantibus
422 576 614 622 litteras
654 575 1055 636 persequentium
1095 576 1156 632 et,
1205 575 1261 619 ut
1301 571 1476 619 Graeci
1515 571 1673 618 dicere
1714 587 1788 618 so-

108 651 226 709 lent,
266 665 413 710 quem
452 651 609 695 mater
648 648 884 696 amictum
924 647 1079 707 dedit,
1132 647 1341 694 sollicite
1383 645 1788 693 custodientium:

107 724 381 785 propositio
452 738 508 769 ac
569 723 815 769 conclusio
874 738 930 768 ex
993 721 1416 782 consequentibus,
1469 719 1788 781 repugnanti-

108 796 232 846 bus‘?
271 813 368 844 non
407 795 647 857 inspiret?
694 812 790 842 non
832 794 1046 857 augeat?
1092 811 1191 842 non
1228 795 1364 841 mille
1413 793 1582 857 figuris
1630 793 1790 840 variet
1815 791 1876 835 32

110 887 166 919 ac
206 869 403 919 verset?
457 873 515 917 ut
563 886 618 917 ea
673 871 808 917 nasci
865 873 912 916 et
972 870 1080 930 ipsa
1134 870 1393 930 provenire
1447 870 1641 926 natura,
1692 883 1789 914 non

108 961 256 991 manu
311 946 443 991 facta
499 948 547 991 et
611 948 714 991 arte
770 947 997 1004 suspecta
1051 944 1347 1005 magistrum
1401 943 1550 989 fateri
1605 942 1788 1002 ubique

107 1019 383 1066 videantur.
448 1019 555 1078 quis
603 1034 839 1079 umquam
894 1019 964 1064 sic
1018 1017 1139 1064 vicit
1190 1014 1391 1064 orator?
1447 1031 1606 1063 nonne
1659 1014 1789 1076 apud

107 1094 269 1154 ipsum
307 1092 671 1140 Demosthenen
708 1093 1006 1152 paucissima
1046 1091 1192 1138 huius
1226 1090 1417 1154 generis
1443 1087 1791 1151 reperiuntur?

111 1182 235 1228 quae
277 1167 518 1227 adprensa
561 1165 736 1213 Graeci
774 1166 933 1228 magis
975 1161 1113 1231 (nam
1152 1166 1242 1212 hoc
1285 1165 1445 1211 solum
1477 1166 1618 1225 peius
1650 1163 1789 1210 nobis

66 1258 82 1288 5
109 1234 322 1306 faciunt)
363 1243 416 1287 in
455 1244 652 1287 catenas
692 1241 852 1303 ligant
893 1244 941 1288 et
979 1239 1316 1300 inexplicabili
1365 1238 1487 1286 serie
1528 1240 1791 1285 conectunt

110 1318 157 1362 et
195 1314 478 1362 indubitata
519 1315 757 1377 colligunt
798 1320 846 1360 et
884 1314 1099 1375 probant
1131 1314 1354 1361 confessa
1394 1315 1442 1359 et
1481 1327 1530 1359 se
1573 1313 1790 1372 antiquis

108 1405 195 1450 per
232 1389 324 1436 hoc
364 1389 548 1436 similes
588 1392 780 1449 vocant,
834 1387 1005 1436 deinde
1052 1389 1348 1451 interrogati
1393 1403 1667 1447 numquam
1717 1402 1789 1432 re-

110 1463 432 1524 spondebunt,
475 1479 620 1523 quem
660 1462 931 1509 imitentur.
973 1462 1058 1509 sed
1097 1462 1154 1509 de
1194 1461 1363 1524 figuris
1405 1461 1503 1507 alio
1542 1461 1663 1508 loco.

218 1537 363 1583 Nunc
402 1537 524 1583 illud
566 1537 892 1597 adiciendum,
939 1554 998 1583 ne
1040 1538 1109 1584 eis
1150 1536 1347 1597 quidem
1387 1536 1661 1583 consentire
1699 1550 1792 1594 me,
1816 1531 1881 1576 33

42 1628 60 1658 2
111 1612 197 1672 qui
236 1626 425 1672 semper
472 1614 761 1674 argumenta
814 1627 1033 1658 sermone
1088 1625 1213 1672 puro
1263 1616 1311 1657 et
1360 1609 1574 1656 dilucido
1624 1611 1673 1655 et
1720 1608 1791 1654 di-

109 1687 304 1745 stincto,
345 1689 558 1732 ceterum
599 1686 798 1732 minime
841 1686 970 1732 elato
1023 1688 1293 1745 ornatoque
1339 1686 1520 1745 putant
1569 1698 1671 1730 esse
1720 1683 1792 1728 di-

110 1758 276 1806 cenda.
326 1775 538 1820 namque
579 1776 634 1806 ea
676 1760 910 1808 distincta
960 1760 1160 1820 quidem
1208 1774 1263 1805 ac
1310 1759 1571 1820 perspicua
1619 1757 1791 1803 debere

111 1848 213 1880 esse
255 1833 503 1893 confiteor,
543 1835 594 1880 in
634 1834 780 1881 rebus
820 1849 936 1881 vero
976 1833 1248 1880 minoribus
1290 1834 1440 1879 etiam
1481 1847 1701 1878 sermone
1736 1847 1792 1877 ac

108 1907 268 1955 verbis
311 1923 462 1968 quam
500 1908 711 1955 maxime
751 1908 964 1969 propriis
1007 1912 1053 1955 et
1095 1924 1151 1954 ex
1190 1923 1303 1954 usu:
1345 1910 1395 1953 at
1436 1907 1477 1953 si
1509 1906 1667 1952 maior
1699 1907 1792 1951 erit
1817 1900 1881 1946 34

43 1998 84 2029 25
109 1983 340 2040 materia,
391 1982 582 2028 nullum
635 1984 697 2029 iis
749 1985 1002 2041 ornatum,
1059 1983 1144 2042 qui
1198 1981 1343 2028 modo
1398 1997 1496 2028 non
1552 1979 1792 2038 obscuret,

110 2055 496 2102 subtrahendum
534 2059 669 2117 puto.
717 2073 832 2103 nam
873 2061 921 2103 et
960 2072 1104 2116 saepe
1143 2055 1415 2116 plurimum
1461 2055 1584 2102 lucis
1633 2054 1794 2100 adfert

108 2131 217 2190 ipsa
256 2131 534 2191 translatio,
577 2146 686 2177 cum
727 2132 876 2178 etiam
908 2132 1029 2177 iuris
1065 2130 1291 2186 consulti,
1332 2144 1543 2190 quorum
1577 2143 1792 2175 summus

110 2205 239 2251 circa
278 2204 540 2251 verborum
578 2207 934 2266 proprietatem
974 2204 1115 2251 labor
1155 2208 1242 2263 est,
1296 2199 1451 2251 ‘litus'
1495 2218 1598 2250 esse
1647 2201 1793 2248 aude-

229 2320 282 2357 27
320 2316 369 2358 cf
398 2315 489 2359 Cic.
524 2316 637 2371 Top.
674 2321 712 2368 7,
747 2320 799 2358 32

231 2424 253 2461 1
287 2419 595 2462 similitudine
638 2422 692 2463 Vt
726 2436 755 2475 2)
803 2425 910 2462 411:
953 2419 1303 2475 amplitudine*
1300 2455 1302 2465 ,
1340 2417 1552 2461 attulerit
1591 2418 1648 2460 It

113 2483 136 2519 2
170 2479 223 2519 ut
247 2493 272 2519 a:
298 2478 443 2521 ieiuni
474 2496 501 2522 :oc
535 2501 558 2519 x
594 2479 744 2522 fontes
776 2488 813 2521 4
845 2480 916 2521 uti
949 2480 1029 2522 sed
1060 2480 1131 2521 uti
1155 2470 1307 2521 fontes
1326 2486 1379 2520 J!
1398 2477 1468 2520 uti
1499 2478 1651 2519 fontes
1681 2484 1801 2518 (ιῬΓ

230 2541 257 2578 4
286 2537 402 2581 fluat
427 2547 522 2581 ΡΓ;
556 2539 703 2582 fluant
735 2547 788 2581 n
814 2539 981 2595 pluant
1012 2547 1091 2580 AG
1122 2537 1271 2580 fluunt
1303 2555 1335 2579 α
1457 2542 1481 2579 6
1515 2549 1792 2592 persequen-

111 2595 230 2638 tium
261 2604 321 2639 P:
354 2598 731 2653 prosequentium
766 2606 936 2640 AGJss'
1081 2603 1106 2641 8
1142 2611 1193 2639 ac
1227 2611 1295 2640 om
1327 2604 1459 2638 Acin
1485 2603 1489 2649 1
1519 2610 1575 2639 ex
1613 2603 1707 2638 Pa:
1749 2597 1794 2637 et

114 2655 226 2710 rell!
264 2657 652 2713 consequentibus
699 2658 1105 2714 propugnantibus
1153 2663 1323 2698 AGI‘JI
1365 2654 1666 2709 sequentibus
1709 2668 1793 2709 pu-

112 2714 366 2769 gnantibus
399 2725 443 2758 P
471 2731 570 2761 corr
601 2718 687 2760 edd
808 2723 862 2760 12
894 2717 1027 2775 vicit]
1060 2716 1175 2758 vixit
1215 2716 1321 2759 libri
1353 2715 1473 2757 dixit
1505 2715 1678 2771 Reyius

115 2777 167 2815 13
201 2776 381 2828 generis
415 2777 602 2830 Zumpt:
645 2776 765 2819 veris
798 2785 834 2818 Α
873 2776 990 2818 veris
1024 2776 1096 2818 vel
1128 2775 1241 2818 artis
1278 2783 1313 2816 G
1350 2774 1464 2816 iuris
1503 2773 1576 2816 vel
1608 2772 1721 2815 artis
1755 2780 1799 2814 P

113 2831 321 2876 veritatis
353 2835 426 2877 vel
458 2835 570 2877 artis
605 2842 693 2877 ΜΓ
825 2840 878 2878 14
911 2849 1018 2877 nam
1053 2834 1208 2884 P21'Q:
1242 2848 1334 2876 non
1366 2835 1447 2876 rell
1583 2837 1635 2875 ‘21
1672 2831 1793 2874 elato

124 2894 179 2935 Vt
202 2908 239 2948 p
272 2897 378 2937 420:
411 2894 507 2937 lato

202 2975 496 3014 vamamxvs
522 2977 577 3008 ed.
603 2977 966 3008 Radermacher.
997 2977 1026 3007 Ι.
1472 2970 1527 3007 20
