2012 3151
743 77 817 119 VI.
853 81 893 129 3,
927 80 1114 119 47—57.
1669 77 1775 128 339

93 219 213 265 tatis
263 222 409 278 atque
457 211 739 281 mensurae)
789 232 817 262 a
863 231 1092 262 mensura
1140 215 1286 262 ducta
1331 215 1658 262 inminutione
1705 232 1779 262 re-

93 309 214 338 rum.
256 292 376 338 haec
415 294 519 337 tam
559 290 755 352 frigida,
798 305 943 351 quam
987 293 1059 336 est
1098 290 1352 336 nominum
1391 288 1524 335 fictio
1559 288 1778 347 adiectis,
1806 297 1869 340 53

94 366 340 423 detractis,
379 366 584 411 mutatis
616 363 812 422 litteris,
852 366 911 409 ut
941 363 1242 421 Acisculum,
1285 363 1400 424 quia
1434 366 1558 409 esset
1589 364 1779 422 pactus,

96 433 459 496 ‘Pacisculum'‚
499 441 547 485 et
586 437 842 484 Placidum
874 438 1086 496 nomine,
1127 436 1258 497 quod
1289 437 1330 483 is
1364 436 1564 483 acerbus
1597 439 1779 482 natura

50 544 68 563 1
95 517 235 571 esset,
278 508 544 571 ‘Acidum',
585 515 634 558 et
674 511 906 569 Tullium,
949 525 1059 557 cum
1097 510 1177 556 fur
1201 514 1342 568 esset,
1385 505 1637 556 ‘Tollium'
1682 509 1778 556 dic-

31 903 72 934 10

29 1273 68 1303 15

30 1643 71 1673 20

30 2012 71 2043 25

95 590 171 633 tos
210 587 423 633 invenio.
464 585 548 633 sed
586 586 706 632 haec
747 585 916 632 eadem
957 600 1137 646 genera
1185 583 1486 631 commodius
1533 585 1586 630 in
1633 582 1778 630 rebus

98 676 246 721 quam
284 660 336 705 in
362 659 656 706 nominibus
695 658 1003 720 respondent.
1052 659 1174 705 Afer
1213 660 1344 705 enim
1390 661 1594 705 venuste
1641 658 1781 704 Man-

96 735 219 780 lium
260 733 449 793 Suram,
498 734 709 780 multum
748 734 801 779 in
843 732 1029 795 agendo
1079 732 1459 791 discursantem,
1508 731 1781 791 salientem,

95 823 270 855 manus
309 809 591 867 iactantem,
644 810 814 870 togam
861 807 1152 853 deicientem
1200 810 1249 852 et
1294 808 1634 866 reponentem,
1682 821 1782 852 non

97 898 240 944 agere
282 881 418 941 dixit,
460 881 544 928 sed
576 884 812 943 satagere.
856 884 928 927 est
954 882 1083 926 enim
1117 880 1301 926 dictum
1334 895 1421 940 per
1453 895 1502 926 se
1535 879 1782 925 urbanum

100 951 382 1017 ‘satagere',
423 956 571 1001 etiam
614 956 656 1002 si
694 955 833 1000 nulla
873 953 1029 1001 subsit
1070 954 1272 1001 alterius
1312 954 1452 1000 verbi
1492 952 1779 999 similitudo.

93 1030 220 1076 fiunt
260 1032 308 1076 et
348 1029 540 1075 adiecta
593 1033 642 1076 et
682 1029 903 1075 detracta
956 1027 1291 1089 adspiratione
1347 1031 1394 1074 et
1445 1027 1617 1074 divisis
1670 1042 1781 1074 con-

94 1104 336 1150 iunctisve
375 1102 537 1149 verbis
578 1104 809 1150 similiter
848 1103 1041 1163 saepius
1081 1101 1278 1164 frigida,
1318 1101 1584 1162 aliquando
1616 1103 1782 1147 tamen

93 1176 388 1238 recipienda.
438 1177 707 1238 eademque
755 1176 978 1223 condicio
1020 1179 1092 1223 est
1131 1178 1184 1222 in
1222 1176 1298 1234 iis,
1339 1192 1463 1236 quae
1505 1191 1532 1221 a
1572 1175 1783 1222 nomini-

94 1251 184 1298 bus
223 1251 502 1298 trahuntur.
551 1252 710 1298 multa
751 1267 807 1298 ex
847 1251 938 1297 hoc
976 1245 1223 1313 (genere)
1265 1249 1432 1296 Cicero
1472 1250 1524 1295 in
1565 1249 1784 1308 Verrem,

95 1325 180 1372 sed
203 1328 260 1371 ut
285 1325 344 1371 ab
365 1325 474 1372 aliis
501 1325 653 1373 dicta:
677 1325 822 1372 modo
850 1320 1090 1370 ‘futurum
1114 1329 1171 1370 ut
1197 1323 1361 1370 omnia
1378 1319 1630 1383 verreret',
1649 1318 1784 1387 [cum

95 1400 339 1446 diceretur
377 1396 589 1460 Verres,]
649 1399 795 1446 modo
834 1398 1051 1457 Herculi,
1108 1414 1250 1458 quem
1293 1398 1610 1458 expilaverat,
1665 1393 1783 1444 ‘mo-

94 1474 346 1520 lestiorem
380 1489 530 1534 quam
562 1490 736 1535 aprum
768 1473 1152 1534 Erymanthium
1182 1467 1369 1531 fuisse’,
1401 1472 1544 1519 modo
1581 1467 1786 1518 ‘malum

96 1547 412 1607 sacerdotem,
477 1549 563 1608 qui
623 1551 727 1594 tam
781 1563 997 1608 nequam
1049 1563 1239 1593 verrem
1285 1542 1601 1607 reliquisset’,
1665 1547 1783 1606 quia

99 1621 354 1669 Sacerdoti
407 1621 585 1669 Verres
649 1623 959 1669 successerat.
1022 1620 1226 1681 praebet
1286 1625 1453 1667 tamen
1517 1620 1783 1681 aliquando

96 1697 400 1742 occasionem
466 1696 710 1756 quaedam
766 1695 977 1742 felicitas
1039 1695 1129 1742 hoc
1182 1710 1379 1756 quoque
1434 1695 1556 1741 bene
1596 1694 1784 1753 utendi,

95 1773 153 1816 ut
192 1786 281 1831 pro
325 1768 536 1816 Caecina
576 1769 743 1817 Cicero
790 1771 843 1816 in
890 1773 1066 1816 testem
1115 1769 1220 1816 Sex.
1265 1768 1490 1816 Clodium
1528 1768 1784 1815 Phormio-

95 1859 230 1890 nem:
275 1839 380 1890 ‘nec
410 1845 573 1891 minus
598 1840 774 1906 niger',
813 1845 992 1904 inquit,
1028 1840 1133 1891 ‘nec
1165 1845 1329 1890 minus
1364 1842 1608 1889 confidens
1636 1858 1785 1903 quam

98 1921 170 1964 est
209 1918 294 1965 ille
335 1918 659 1965 Terentianus
699 1914 964 1964 Phormio'.
1022 1939 1030 1945 ·

208 1993 416 2039 Acriora
463 1993 618 2055 igitur
666 1995 780 2039 sunt
820 1995 867 2039 et
909 1992 1216 2053 elegantiora
1256 2007 1380 2052 quae
1421 1991 1688 2038 trahuntur
1728 2006 1785 2037 ex

96 2065 146 2112 vi
177 2082 358 2112 rerum.
414 2066 464 2112 in
513 2068 575 2113 iis
621 2068 835 2113 maxime
882 2066 1017 2114 valet
1065 2065 1354 2125 similitudo,
1410 2066 1452 2112 si
1505 2068 1673 2111 tamen
1722 2064 1785 2111 ad

97 2140 287 2200 aliquid
340 2140 546 2188 inferius
602 2141 857 2202 leviusque
912 2140 1178 2187 referatur:
1244 2139 1412 2199 qualia
1471 2141 1659 2185 veteres
1708 2138 1785 2184 illi

94 2214 410 2274 iocabantur,
490 2215 577 2276 qui
637 2213 901 2261 Lentulum
968 2208 1319 2274 ‘Spintherem’
1392 2216 1439 2260 et
1503 2212 1781 2274 Scipionem

217 2358 272 2397 18
305 2360 346 2409 4,
380 2359 449 2408 43,
486 2359 540 2398 95
576 2382 630 2386 —
667 2359 719 2397 19
757 2361 794 2408 1,
829 2359 898 2409 46,
935 2360 1016 2397 121
1053 2381 1106 2386 —
1142 2359 1194 2396 22
1228 2370 1272 2410 p.
1309 2353 1440 2397 Caec.
1477 2358 1544 2407 10,
1580 2358 1633 2396 27

219 2479 241 2516 1
277 2474 325 2531 a]
359 2487 414 2517 ea
446 2476 519 2528 ΡΙ
548 2473 597 2515 111
628 2473 936 2517 minutionem
970 2481 1014 2516 P
1041 2473 1415 2516 imminutionem
1454 2480 1488 2514 V
1612 2477 1635 2514 2
1668 2472 1786 2515 haec

96 2542 154 2575 A:
189 2534 236 2576 et
266 2534 349 2576 rell
472 2538 524 2576 12
560 2533 875 2576 coniunctisve
907 2533 1075 2577 Halm:
1107 2533 1366 2576 coniunctis
1401 2533 1591 2587 (-tisque
1617 2535 1664 2587 a)

99 2598 152 2635 15
186 2606 354 2648 genere
386 2593 479 2636 add
511 2593 736 2649 Spalding
891 2597 944 2635 16
977 2594 1064 2636 secl
1096 2594 1262 2648 Zumpt
1383 2596 1435 2634 17
1471 2591 1702 2634 diceretur
1732 2599 1784 2645 A,

96 2666 196 2695 corr
228 2659 288 2694 P:
323 2651 554 2696 diceretur
587 2652 629 2694 ei
660 2653 742 2695 rell
865 2657 918 2695 18
951 2665 1091 2706 quam
1125 2665 1288 2707 aprum
1322 2651 1395 2694 Er.
1430 2652 1595 2694 Halm:
1644 2664 1785 2705 quam

98 2725 210 2766 apro
245 2711 504 2766 erymantio
535 2712 680 2753 AGPl
712 2724 823 2766 apro
865 2711 1156 2766 erymanthio
1189 2718 1270 2753 VM
1447 2714 1502 2752 20
1544 2709 1786 2752 Sacerdoti

97 2770 263 2813 Verres
295 2770 412 2812 Ald:
444 2771 634 2813 sacerdo
667 2786 692 2812 a<
719 2786 745 2812 »ι
777 2772 920 2813 verris
953 2779 989 2811 Α
1023 2770 1236 2813 sacerdos
1270 2769 1391 2812 verri
1443 2776 1611 2811 GMI'P

99 2835 151 2872 21
186 2830 273 2872 hoc
298 2842 482 2883 quoque
507 2843 674 2885 genere
708 2830 769 2871 Ρ1
801 2830 852 2883 cf
878 2832 892 2873 l
925 2835 981 2873 15
1104 2834 1156 2871 27
1192 2829 1352 2883 qualia
1382 2828 1632 2885 Spalding:
1665 2840 1785 2882 quae

96 2889 192 2931 iam
225 2891 335 2943 (qua
365 2887 461 2931 iam
492 2888 571 2944 1²²)

1807 590 1870 636 54

1809 1034 1870 1078 55

1811 1627 1872 1671 56

1811 1998 1870 2041 57
