<?xml version="1.0" encoding="UTF-8"?>
<!DOCTYPE html PUBLIC "-//W3C//DTD XHTML 1.0 Transitional//EN"
    "http://www.w3.org/TR/xhtml1/DTD/xhtml1-transitional.dtd">
<html xmlns="http://www.w3.org/1999/xhtml" xml:lang="en" lang="en">
 <head>
  <title>
</title>
<meta http-equiv="Content-Type" content="text/html;charset=utf-8" />
  <meta name='ocr-system' content='tesseract 3.04.00' />
  <meta name='ocr-capabilities' content='ocr_page ocr_carea ocr_par ocr_line ocrx_word'/>
</head>
<body>
  <div class='ocr_page' id='page_1' title='image "./institvtionisora00quinuoft/institvtionisora00quinuoft_0229.png"; bbox 0 0 2055 3130; ppageno 0'>
   <div class='ocr_carea' id='block_1_1' title="bbox 657 69 1792 123">
    <p class='ocr_par' dir='ltr' id='par_1_1' title="bbox 657 69 1792 123">
     <span class='ocr_line' id='line_1_1' title="bbox 657 69 1792 123; baseline 0.004 -7"><span class='ocrx_word' id='word_1_1' title='bbox 657 101 675 116; x_wconf 91' lang='lat'><strong><em>.</em></strong></span> <span class='ocrx_word' id='word_1_2' title='bbox 760 69 836 113; x_wconf 79' lang='lat' dir='ltr'>IV.</span> <span class='ocrx_word' id='word_1_3' title='bbox 871 74 911 123; x_wconf 84' lang='grc'>2,</span> <span class='ocrx_word' id='word_1_4' title='bbox 943 73 1132 112; x_wconf 82' lang='lat'>47—58.</span> <span class='ocrx_word' id='word_1_5' title='bbox 1686 70 1792 121; x_wconf 77' lang='lat'>209</span> 
     </span>
    </p>
   </div>
   <div class='ocr_carea' id='block_1_2' title="bbox 32 209 1882 2567">
    <p class='ocr_par' dir='ltr' id='par_1_2' title="bbox 106 209 1795 491">
     <span class='ocr_line' id='line_1_2' title="bbox 107 209 1794 271; baseline -0.001 -13"><span class='ocrx_word' id='word_1_6' title='bbox 107 228 231 271; x_wconf 89' lang='lat' dir='ltr'>mus,</span> <span class='ocrx_word' id='word_1_7' title='bbox 271 227 369 258; x_wconf 91' lang='lat' dir='ltr'>non</span> <span class='ocrx_word' id='word_1_8' title='bbox 408 210 647 264; x_wconf 81' lang='lat' dir='ltr'>omnibus,</span> <span class='ocrx_word' id='word_1_9' title='bbox 698 209 784 257; x_wconf 89' lang='lat' dir='ltr'>sed</span> <span class='ocrx_word' id='word_1_10' title='bbox 822 209 880 255; x_wconf 91' lang='lat' dir='ltr'>de</span> <span class='ocrx_word' id='word_1_11' title='bbox 923 209 1099 269; x_wconf 90' lang='lat' dir='ltr'>quibus</span> <span class='ocrx_word' id='word_1_12' title='bbox 1148 209 1425 269; x_wconf 89' lang='lat' dir='ltr'>quaeritur,</span> <span class='ocrx_word' id='word_1_13' title='bbox 1473 211 1514 254; x_wconf 90' lang='lat' dir='ltr'>si</span> <span class='ocrx_word' id='word_1_14' title='bbox 1561 223 1794 269; x_wconf 80' lang='lat' dir='ltr'>personas</span> 
     </span>
     <span class='ocr_line' id='line_1_3' title="bbox 109 282 1792 344; baseline -0.002 -11"><span class='ocrx_word' id='word_1_15' title='bbox 109 286 455 333; x_wconf 83' lang='lat' dir='ltr'>convenientes</span> <span class='ocrx_word' id='word_1_16' title='bbox 495 286 570 344; x_wconf 89' lang='lat' dir='ltr'>iis,</span> <span class='ocrx_word' id='word_1_17' title='bbox 612 299 737 344; x_wconf 90' lang='lat' dir='ltr'>quae</span> <span class='ocrx_word' id='word_1_18' title='bbox 771 284 906 330; x_wconf 88' lang='lat' dir='ltr'>facta</span> <span class='ocrx_word' id='word_1_19' title='bbox 939 282 1071 329; x_wconf 90' lang='lat' dir='ltr'>credi</span> <span class='ocrx_word' id='word_1_20' title='bbox 1102 283 1339 341; x_wconf 82' lang='lat' dir='ltr'>volemus,</span> <span class='ocrx_word' id='word_1_21' title='bbox 1381 284 1792 340; x_wconf 75' lang='lat' dir='ltr'>constituerimus,</span> 
     </span>
     <span class='ocr_line' id='line_1_4' title="bbox 107 355 1795 417; baseline -0.003 -11"><span class='ocrx_word' id='word_1_22' title='bbox 107 362 163 406; x_wconf 92' lang='lat' dir='ltr'>ut</span> <span class='ocrx_word' id='word_1_23' title='bbox 210 360 333 405; x_wconf 85' lang='lat' dir='ltr'>furti</span> <span class='ocrx_word' id='word_1_24' title='bbox 376 374 516 404; x_wconf 89' lang='lat' dir='ltr'>reum</span> <span class='ocrx_word' id='word_1_25' title='bbox 563 356 809 417; x_wconf 89' lang='lat' dir='ltr'>cupidum,</span> <span class='ocrx_word' id='word_1_26' title='bbox 865 356 1099 403; x_wconf 87' lang='lat' dir='ltr'>adulterii</span> <span class='ocrx_word' id='word_1_27' title='bbox 1154 355 1486 415; x_wconf 87' lang='lat' dir='ltr'>libidinosum,</span> <span class='ocrx_word' id='word_1_28' title='bbox 1541 356 1795 402; x_wconf 86' lang='lat' dir='ltr'>homicidii</span> 
     </span>
     <span class='ocr_line' id='line_1_5' title="bbox 106 429 1795 491; baseline -0.002 -12"><span class='ocrx_word' id='word_1_29' title='bbox 106 434 438 491; x_wconf 89' lang='lat' dir='ltr'>temerarium,</span> <span class='ocrx_word' id='word_1_30' title='bbox 492 431 570 477; x_wconf 86' lang='lat' dir='ltr'>vel</span> <span class='ocrx_word' id='word_1_31' title='bbox 619 431 694 476; x_wconf 83' lang='lat' dir='ltr'>his</span> <span class='ocrx_word' id='word_1_32' title='bbox 743 431 1006 489; x_wconf 89' lang='lat' dir='ltr'>contraria,</span> <span class='ocrx_word' id='word_1_33' title='bbox 1062 431 1104 476; x_wconf 89' lang='lat' dir='ltr'>si</span> <span class='ocrx_word' id='word_1_34' title='bbox 1143 429 1484 476; x_wconf 85' lang='lat' dir='ltr'>defendemus:</span> <span class='ocrx_word' id='word_1_35' title='bbox 1538 433 1795 490; x_wconf 89' lang='lat' dir='ltr'>praeterea</span> 
     </span>
    </p>

    <p class='ocr_par' dir='ltr' id='par_1_3' title="bbox 60 503 1882 861">
     <span class='ocr_line' id='line_1_6' title="bbox 60 503 1881 566; baseline -0.003 -12"><span class='ocrx_word' id='word_1_36' title='bbox 60 524 81 555; x_wconf 82' lang='lat'>5</span> <span class='ocrx_word' id='word_1_37' title='bbox 107 508 230 565; x_wconf 90' lang='lat' dir='ltr'>loca,</span> <span class='ocrx_word' id='word_1_38' title='bbox 269 509 493 566; x_wconf 87' lang='lat' dir='ltr'>tempora</span> <span class='ocrx_word' id='word_1_39' title='bbox 535 506 583 550; x_wconf 90' lang='lat' dir='ltr'>et</span> <span class='ocrx_word' id='word_1_40' title='bbox 624 504 821 551; x_wconf 81' lang='lat' dir='ltr'>similia.</span> <span class='ocrx_word' id='word_1_41' title='bbox 863 505 937 550; x_wconf 90' lang='lat' dir='ltr'>est</span> <span class='ocrx_word' id='word_1_42' title='bbox 977 506 1143 550; x_wconf 89' lang='lat' dir='ltr'>autem</span> <span class='ocrx_word' id='word_1_43' title='bbox 1184 503 1386 564; x_wconf 88' lang='lat' dir='ltr'>quidam</span> <span class='ocrx_word' id='word_1_44' title='bbox 1427 507 1476 550; x_wconf 90' lang='lat' dir='ltr'>et</span> <span class='ocrx_word' id='word_1_45' title='bbox 1515 503 1689 550; x_wconf 90' lang='lat' dir='ltr'>ductus</span> <span class='ocrx_word' id='word_1_46' title='bbox 1720 504 1793 550; x_wconf 90' lang='lat' dir='ltr'>rei</span> <span class='ocrx_word' id='word_1_47' title='bbox 1819 503 1881 546; x_wconf 77' lang='lat'>53</span> 
     </span>
     <span class='ocr_line' id='line_1_7' title="bbox 105 577 1792 639; baseline -0.002 -12"><span class='ocrx_word' id='word_1_48' title='bbox 105 579 367 637; x_wconf 88' lang='lat' dir='ltr'>credibilis,</span> <span class='ocrx_word' id='word_1_49' title='bbox 410 579 570 639; x_wconf 87' lang='lat' dir='ltr'>qualis</span> <span class='ocrx_word' id='word_1_50' title='bbox 610 579 662 624; x_wconf 91' lang='lat' dir='ltr'>in</span> <span class='ocrx_word' id='word_1_51' title='bbox 703 578 968 625; x_wconf 86' lang='lat' dir='ltr'>comoediis</span> <span class='ocrx_word' id='word_1_52' title='bbox 1010 578 1162 624; x_wconf 88' lang='lat' dir='ltr'>etiam</span> <span class='ocrx_word' id='word_1_53' title='bbox 1203 580 1253 625; x_wconf 92' lang='lat' dir='ltr'>et</span> <span class='ocrx_word' id='word_1_54' title='bbox 1290 578 1342 623; x_wconf 92' lang='lat' dir='ltr'>in</span> <span class='ocrx_word' id='word_1_55' title='bbox 1382 577 1558 624; x_wconf 86' lang='lat' dir='ltr'>mimis.</span> <span class='ocrx_word' id='word_1_56' title='bbox 1623 578 1792 638; x_wconf 87' lang='lat' dir='ltr'>aliqua</span> 
     </span>
     <span class='ocr_line' id='line_1_8' title="bbox 103 652 1792 713; baseline -0.001 -13"><span class='ocrx_word' id='word_1_57' title='bbox 103 655 234 700; x_wconf 88' lang='lat' dir='ltr'>enim</span> <span class='ocrx_word' id='word_1_58' title='bbox 272 653 570 699; x_wconf 80' lang='lat' dir='ltr'>naturaliter</span> <span class='ocrx_word' id='word_1_59' title='bbox 609 655 840 699; x_wconf 84' lang='lat' dir='ltr'>secuntur</span> <span class='ocrx_word' id='word_1_60' title='bbox 879 655 926 698; x_wconf 90' lang='lat' dir='ltr'>et</span> <span class='ocrx_word' id='word_1_61' title='bbox 967 652 1245 710; x_wconf 76' lang='lat' dir='ltr'>cohaerent,</span> <span class='ocrx_word' id='word_1_62' title='bbox 1285 654 1356 709; x_wconf 90' lang='lat' dir='ltr'>ut,</span> <span class='ocrx_word' id='word_1_63' title='bbox 1397 652 1438 698; x_wconf 91' lang='lat' dir='ltr'>si</span> <span class='ocrx_word' id='word_1_64' title='bbox 1469 653 1638 713; x_wconf 90' lang='lat' dir='ltr'>priora</span> <span class='ocrx_word' id='word_1_65' title='bbox 1670 652 1792 698; x_wconf 90' lang='lat' dir='ltr'>bene</span> 
     </span>
     <span class='ocr_line' id='line_1_9' title="bbox 103 726 1791 786; baseline -0.001 -13"><span class='ocrx_word' id='word_1_66' title='bbox 103 727 398 785; x_wconf 76' lang='lat' dir='ltr'>narraveris,</span> <span class='ocrx_word' id='word_1_67' title='bbox 437 726 583 773; x_wconf 81' lang='lat' dir='ltr'>iudex</span> <span class='ocrx_word' id='word_1_68' title='bbox 622 726 726 786; x_wconf 90' lang='lat' dir='ltr'>ipse</span> <span class='ocrx_word' id='word_1_69' title='bbox 770 726 899 786; x_wconf 89' lang='lat' dir='ltr'>quod</span> <span class='ocrx_word' id='word_1_70' title='bbox 939 728 1111 786; x_wconf 90' lang='lat' dir='ltr'>postea</span> <span class='ocrx_word' id='word_1_71' title='bbox 1145 727 1210 773; x_wconf 91' lang='lat' dir='ltr'>sis</span> <span class='ocrx_word' id='word_1_72' title='bbox 1237 728 1527 772; x_wconf 73' lang='lat' dir='ltr'>narraturus</span> <span class='ocrx_word' id='word_1_73' title='bbox 1555 728 1791 786; x_wconf 73' lang='lat' dir='ltr'>expectet.</span> 
     </span>
     <span class='ocr_line' id='line_1_10' title="bbox 103 798 1882 861; baseline -0.003 -13"><span class='ocrx_word' id='word_1_74' title='bbox 103 818 162 848; x_wconf 92' lang='lat' dir='ltr'>ne</span> <span class='ocrx_word' id='word_1_75' title='bbox 203 800 327 848; x_wconf 92' lang='lat' dir='ltr'>illud</span> <span class='ocrx_word' id='word_1_76' title='bbox 369 800 568 861; x_wconf 89' lang='lat' dir='ltr'>quidem</span> <span class='ocrx_word' id='word_1_77' title='bbox 606 800 757 847; x_wconf 85' lang='lat' dir='ltr'>fuerit</span> <span class='ocrx_word' id='word_1_78' title='bbox 795 799 986 859; x_wconf 91' lang='lat' dir='ltr'>inutile,</span> <span class='ocrx_word' id='word_1_79' title='bbox 1029 802 1216 846; x_wconf 90' lang='lat' dir='ltr'>semina</span> <span class='ocrx_word' id='word_1_80' title='bbox 1258 800 1502 860; x_wconf 84' lang='lat' dir='ltr'>quaedam</span> <span class='ocrx_word' id='word_1_81' title='bbox 1541 800 1790 861; x_wconf 86' lang='lat' dir='ltr'>probatio·</span> <span class='ocrx_word' id='word_1_82' title='bbox 1820 798 1882 843; x_wconf 71' lang='lat'>54</span> 
     </span>
    </p>

    <p class='ocr_par' dir='ltr' id='par_1_4' title="bbox 36 875 1881 1229">
     <span class='ocr_line' id='line_1_11' title="bbox 36 875 1793 937; baseline -0.002 -14"><span class='ocrx_word' id='word_1_83' title='bbox 36 892 78 924; x_wconf 89' lang='lat'>10</span> <span class='ocrx_word' id='word_1_84' title='bbox 103 891 220 921; x_wconf 90' lang='lat' dir='ltr'>num</span> <span class='ocrx_word' id='word_1_85' title='bbox 262 890 506 937; x_wconf 84' lang='lat' dir='ltr'>spargere,</span> <span class='ocrx_word' id='word_1_86' title='bbox 553 890 724 920; x_wconf 83' lang='lat' dir='ltr'>verum</span> <span class='ocrx_word' id='word_1_87' title='bbox 764 875 831 920; x_wconf 91' lang='lat' dir='ltr'>sic</span> <span class='ocrx_word' id='word_1_88' title='bbox 882 876 940 920; x_wconf 88' lang='lat' dir='ltr'>ut</span> <span class='ocrx_word' id='word_1_89' title='bbox 985 875 1323 920; x_wconf 75' lang='lat' dir='ltr'>narrationem</span> <span class='ocrx_word' id='word_1_90' title='bbox 1372 889 1473 920; x_wconf 91' lang='lat' dir='ltr'>esse</span> <span class='ocrx_word' id='word_1_91' title='bbox 1515 876 1793 921; x_wconf 87' lang='lat' dir='ltr'>memineri-</span> 
     </span>
     <span class='ocr_line' id='line_1_12' title="bbox 103 948 1793 1010; baseline -0.001 -15"><span class='ocrx_word' id='word_1_92' title='bbox 103 964 225 1008; x_wconf 90' lang='lat' dir='ltr'>mus,</span> <span class='ocrx_word' id='word_1_93' title='bbox 272 965 370 995; x_wconf 92' lang='lat' dir='ltr'>non</span> <span class='ocrx_word' id='word_1_94' title='bbox 409 948 767 1010; x_wconf 71' lang='lat' dir='ltr'>probationem.</span> <span class='ocrx_word' id='word_1_95' title='bbox 816 964 1188 1009; x_wconf 86' lang='lat' dir='ltr'>nonnumquam</span> <span class='ocrx_word' id='word_1_96' title='bbox 1234 951 1402 995; x_wconf 90' lang='lat' dir='ltr'>tamen</span> <span class='ocrx_word' id='word_1_97' title='bbox 1450 949 1602 994; x_wconf 89' lang='lat' dir='ltr'>etiam</span> <span class='ocrx_word' id='word_1_98' title='bbox 1649 965 1793 1010; x_wconf 82' lang='lat' dir='ltr'>argu-</span> 
     </span>
     <span class='ocr_line' id='line_1_13' title="bbox 102 1022 1793 1083; baseline 0 -14"><span class='ocrx_word' id='word_1_99' title='bbox 102 1026 267 1070; x_wconf 89' lang='lat' dir='ltr'>mento</span> <span class='ocrx_word' id='word_1_100' title='bbox 332 1023 497 1083; x_wconf 87' lang='lat' dir='ltr'>aliquo</span> <span class='ocrx_word' id='word_1_101' title='bbox 554 1022 952 1069; x_wconf 85' lang='lat' dir='ltr'>confirmabimus</span> <span class='ocrx_word' id='word_1_102' title='bbox 1021 1022 1151 1083; x_wconf 88' lang='lat' dir='ltr'>quod</span> <span class='ocrx_word' id='word_1_103' title='bbox 1219 1024 1644 1082; x_wconf 78' lang='lat' dir='ltr'>proposuerimus,</span> <span class='ocrx_word' id='word_1_104' title='bbox 1709 1024 1793 1070; x_wconf 87' lang='lat' dir='ltr'>sed</span> 
     </span>
     <span class='ocr_line' id='line_1_14' title="bbox 102 1095 1792 1157; baseline 0.001 -14"><span class='ocrx_word' id='word_1_105' title='bbox 102 1097 315 1157; x_wconf 88' lang='lat' dir='ltr'>simplici</span> <span class='ocrx_word' id='word_1_106' title='bbox 356 1100 405 1144; x_wconf 88' lang='lat' dir='ltr'>et</span> <span class='ocrx_word' id='word_1_107' title='bbox 443 1096 595 1155; x_wconf 86' lang='lat' dir='ltr'>brevi,</span> <span class='ocrx_word' id='word_1_108' title='bbox 635 1099 690 1143; x_wconf 88' lang='lat' dir='ltr'>ut</span> <span class='ocrx_word' id='word_1_109' title='bbox 729 1098 782 1142; x_wconf 92' lang='lat' dir='ltr'>in</span> <span class='ocrx_word' id='word_1_110' title='bbox 813 1095 1085 1142; x_wconf 75' lang='lat' dir='ltr'>veneficiis:</span> <span class='ocrx_word' id='word_1_111' title='bbox 1128 1111 1275 1142; x_wconf 88' lang='lat' dir='ltr'>sanus</span> <span class='ocrx_word' id='word_1_112' title='bbox 1301 1096 1442 1156; x_wconf 88' lang='lat' dir='ltr'>bibit,</span> <span class='ocrx_word' id='word_1_113' title='bbox 1485 1098 1655 1144; x_wconf 88' lang='lat' dir='ltr'>statim</span> <span class='ocrx_word' id='word_1_114' title='bbox 1681 1112 1792 1144; x_wconf 93' lang='lat' dir='ltr'>con-</span> 
     </span>
     <span class='ocr_line' id='line_1_15' title="bbox 103 1169 1881 1229; baseline -0.002 -12"><span class='ocrx_word' id='word_1_115' title='bbox 103 1171 236 1229; x_wconf 88' lang='lat' dir='ltr'>cidit,</span> <span class='ocrx_word' id='word_1_116' title='bbox 277 1171 406 1218; x_wconf 80' lang='lat' dir='ltr'>livor</span> <span class='ocrx_word' id='word_1_117' title='bbox 445 1187 500 1217; x_wconf 88' lang='lat' dir='ltr'>ac</span> <span class='ocrx_word' id='word_1_118' title='bbox 539 1174 705 1217; x_wconf 87' lang='lat' dir='ltr'>tumor</span> <span class='ocrx_word' id='word_1_119' title='bbox 746 1171 1004 1217; x_wconf 83' lang='lat' dir='ltr'>confestim</span> <span class='ocrx_word' id='word_1_120' title='bbox 1046 1173 1119 1217; x_wconf 87' lang='lat' dir='ltr'>est</span> <span class='ocrx_word' id='word_1_121' title='bbox 1157 1171 1422 1218; x_wconf 87' lang='lat' dir='ltr'>insecutus.</span> <span class='ocrx_word' id='word_1_122' title='bbox 1471 1171 1563 1218; x_wconf 87' lang='lat' dir='ltr'>hoc</span> <span class='ocrx_word' id='word_1_123' title='bbox 1603 1172 1793 1217; x_wconf 86' lang='lat' dir='ltr'>faciunt</span> <span class='ocrx_word' id='word_1_124' title='bbox 1819 1169 1881 1213; x_wconf 80' lang='lat'>55</span> 
     </span>
    </p>

    <p class='ocr_par' dir='ltr' id='par_1_5' title="bbox 35 1244 1879 1602">
     <span class='ocr_line' id='line_1_16' title="bbox 35 1244 1791 1306; baseline -0.001 -14"><span class='ocrx_word' id='word_1_125' title='bbox 35 1262 75 1293; x_wconf 84' lang='lat'>15</span> <span class='ocrx_word' id='word_1_126' title='bbox 103 1248 151 1292; x_wconf 89' lang='lat' dir='ltr'>et</span> <span class='ocrx_word' id='word_1_127' title='bbox 189 1245 307 1292; x_wconf 88' lang='lat' dir='ltr'>illae</span> <span class='ocrx_word' id='word_1_128' title='bbox 345 1247 767 1306; x_wconf 74' lang='lat' dir='ltr'>praeparationes,</span> <span class='ocrx_word' id='word_1_129' title='bbox 808 1261 918 1291; x_wconf 91' lang='lat' dir='ltr'>cum</span> <span class='ocrx_word' id='word_1_130' title='bbox 957 1260 1068 1291; x_wconf 85' lang='lat' dir='ltr'>reus</span> <span class='ocrx_word' id='word_1_131' title='bbox 1110 1244 1292 1291; x_wconf 85' lang='lat' dir='ltr'>dicitur</span> <span class='ocrx_word' id='word_1_132' title='bbox 1330 1244 1584 1305; x_wconf 87' lang='lat' dir='ltr'>robustus,</span> <span class='ocrx_word' id='word_1_133' title='bbox 1633 1261 1791 1292; x_wconf 91' lang='lat' dir='ltr'>arma-</span> 
     </span>
     <span class='ocr_line' id='line_1_17' title="bbox 101 1315 1791 1381; baseline 0.001 -16"><span class='ocrx_word' id='word_1_134' title='bbox 101 1322 195 1379; x_wconf 86' lang='lat' dir='ltr'>tus,</span> <span class='ocrx_word' id='word_1_135' title='bbox 235 1315 512 1381; x_wconf 75' lang='lat' dir='ltr'>(paratus)</span> <span class='ocrx_word' id='word_1_136' title='bbox 563 1322 732 1366; x_wconf 88' lang='lat' dir='ltr'>contra</span> <span class='ocrx_word' id='word_1_137' title='bbox 786 1318 1022 1377; x_wconf 89' lang='lat' dir='ltr'>infirmos,</span> <span class='ocrx_word' id='word_1_138' title='bbox 1077 1319 1301 1379; x_wconf 83' lang='lat' dir='ltr'>inermes,</span> <span class='ocrx_word' id='word_1_139' title='bbox 1359 1334 1569 1366; x_wconf 86' lang='lat' dir='ltr'>securos.</span> <span class='ocrx_word' id='word_1_140' title='bbox 1627 1320 1791 1366; x_wconf 89' lang='lat' dir='ltr'>omnia</span> 
     </span>
     <span class='ocr_line' id='line_1_18' title="bbox 101 1390 1793 1454; baseline 0.001 -15"><span class='ocrx_word' id='word_1_141' title='bbox 101 1394 325 1454; x_wconf 83' lang='lat' dir='ltr'>denique,</span> <span class='ocrx_word' id='word_1_142' title='bbox 367 1409 492 1454; x_wconf 85' lang='lat' dir='ltr'>quae</span> <span class='ocrx_word' id='word_1_143' title='bbox 533 1393 825 1453; x_wconf 75' lang='lat' dir='ltr'>probatione</span> <span class='ocrx_word' id='word_1_144' title='bbox 851 1390 1114 1440; x_wconf 71' lang='lat' dir='ltr'>tractaturi</span> <span class='ocrx_word' id='word_1_145' title='bbox 1147 1409 1328 1451; x_wconf 85' lang='lat' dir='ltr'>sumus,</span> <span class='ocrx_word' id='word_1_146' title='bbox 1362 1409 1639 1454; x_wconf 85' lang='lat' dir='ltr'>personam,</span> <span class='ocrx_word' id='word_1_147' title='bbox 1682 1409 1793 1440; x_wconf 86' lang='lat' dir='ltr'>cau-</span> 
     </span>
     <span class='ocr_line' id='line_1_19' title="bbox 101 1467 1791 1528; baseline 0.001 -14"><span class='ocrx_word' id='word_1_148' title='bbox 101 1483 218 1527; x_wconf 81' lang='lat' dir='ltr'>sam,</span> <span class='ocrx_word' id='word_1_149' title='bbox 259 1468 435 1527; x_wconf 90' lang='lat' dir='ltr'>locum,</span> <span class='ocrx_word' id='word_1_150' title='bbox 475 1470 684 1527; x_wconf 79' lang='lat' dir='ltr'>tempUS,</span> <span class='ocrx_word' id='word_1_151' title='bbox 717 1469 1115 1527; x_wconf 86' lang='lat' dir='ltr'>instrumentum,</span> <span class='ocrx_word' id='word_1_152' title='bbox 1151 1467 1471 1528; x_wconf 77' lang='lat' dir='ltr'>occasionem,</span> <span class='ocrx_word' id='word_1_153' title='bbox 1506 1469 1791 1515; x_wconf 89' lang='lat' dir='ltr'>narratione</span> 
     </span>
     <span class='ocr_line' id='line_1_20' title="bbox 101 1540 1879 1602; baseline 0 -14"><span class='ocrx_word' id='word_1_154' title='bbox 101 1541 440 1589; x_wconf 84' lang='lat' dir='ltr'>delibabimus.</span> <span class='ocrx_word' id='word_1_155' title='bbox 499 1541 783 1602; x_wconf 84' lang='lat' dir='ltr'>aliquando,</span> <span class='ocrx_word' id='word_1_156' title='bbox 839 1543 882 1588; x_wconf 91' lang='lat' dir='ltr'>si</span> <span class='ocrx_word' id='word_1_157' title='bbox 934 1541 1161 1587; x_wconf 87' lang='lat' dir='ltr'>destituti</span> <span class='ocrx_word' id='word_1_158' title='bbox 1215 1542 1451 1589; x_wconf 78' lang='lat' dir='ltr'>fuerimus</span> <span class='ocrx_word' id='word_1_159' title='bbox 1491 1542 1583 1602; x_wconf 86' lang='lat' dir='ltr'>bis,</span> <span class='ocrx_word' id='word_1_160' title='bbox 1640 1544 1791 1589; x_wconf 86' lang='lat' dir='ltr'>etiam</span> <span class='ocrx_word' id='word_1_161' title='bbox 1818 1540 1879 1583; x_wconf 80' lang='lat'>56</span> 
     </span>
    </p>

    <p class='ocr_par' dir='ltr' id='par_1_6' title="bbox 33 1615 1877 1973">
     <span class='ocr_line' id='line_1_21' title="bbox 33 1615 1790 1675; baseline -0.001 -11"><span class='ocrx_word' id='word_1_162' title='bbox 33 1633 75 1664; x_wconf 83' lang='grc' dir='ltr'>2ο</span> <span class='ocrx_word' id='word_1_163' title='bbox 100 1616 366 1662; x_wconf 86' lang='lat' dir='ltr'>fatebimur</span> <span class='ocrx_word' id='word_1_164' title='bbox 404 1617 486 1662; x_wconf 76' lang='lat' dir='ltr'>vix</span> <span class='ocrx_word' id='word_1_165' title='bbox 527 1631 630 1662; x_wconf 89' lang='lat' dir='ltr'>esse</span> <span class='ocrx_word' id='word_1_166' title='bbox 671 1615 919 1675; x_wconf 89' lang='lat' dir='ltr'>credibile,</span> <span class='ocrx_word' id='word_1_167' title='bbox 960 1616 1043 1662; x_wconf 89' lang='lat' dir='ltr'>sed</span> <span class='ocrx_word' id='word_1_168' title='bbox 1083 1632 1269 1674; x_wconf 82' lang='lat' dir='ltr'>verum,</span> <span class='ocrx_word' id='word_1_169' title='bbox 1311 1619 1359 1662; x_wconf 90' lang='lat' dir='ltr'>et</span> <span class='ocrx_word' id='word_1_170' title='bbox 1398 1616 1488 1663; x_wconf 89' lang='lat' dir='ltr'>hoc</span> <span class='ocrx_word' id='word_1_171' title='bbox 1513 1618 1672 1664; x_wconf 86' lang='lat' dir='ltr'>maius</span> <span class='ocrx_word' id='word_1_172' title='bbox 1705 1616 1790 1662; x_wconf 88' lang='lat' dir='ltr'>ha-</span> 
     </span>
     <span class='ocr_line' id='line_1_22' title="bbox 99 1689 1791 1750; baseline 0.001 -14"><span class='ocrx_word' id='word_1_173' title='bbox 99 1689 310 1736; x_wconf 89' lang='lat' dir='ltr'>bendum</span> <span class='ocrx_word' id='word_1_174' title='bbox 363 1691 541 1737; x_wconf 89' lang='lat' dir='ltr'>scelus:</span> <span class='ocrx_word' id='word_1_175' title='bbox 592 1691 778 1737; x_wconf 86' lang='lat' dir='ltr'>nescire</span> <span class='ocrx_word' id='word_1_176' title='bbox 832 1705 935 1749; x_wconf 90' lang='lat' dir='ltr'>nos,</span> <span class='ocrx_word' id='word_1_177' title='bbox 992 1705 1087 1750; x_wconf 89' lang='lat' dir='ltr'>quo</span> <span class='ocrx_word' id='word_1_178' title='bbox 1142 1689 1286 1736; x_wconf 91' lang='lat' dir='ltr'>modo</span> <span class='ocrx_word' id='word_1_179' title='bbox 1343 1691 1531 1737; x_wconf 89' lang='lat' dir='ltr'>factum</span> <span class='ocrx_word' id='word_1_180' title='bbox 1585 1692 1650 1737; x_wconf 86' lang='lat' dir='ltr'>sit</span> <span class='ocrx_word' id='word_1_181' title='bbox 1706 1695 1791 1738; x_wconf 87' lang='lat' dir='ltr'>aut</span> 
     </span>
     <span class='ocr_line' id='line_1_23' title="bbox 99 1763 1877 1826; baseline 0.001 -16"><span class='ocrx_word' id='word_1_182' title='bbox 99 1780 265 1825; x_wconf 88' lang='lat' dir='ltr'>quare,</span> <span class='ocrx_word' id='word_1_183' title='bbox 296 1765 482 1823; x_wconf 88' lang='lat' dir='ltr'>mirari,</span> <span class='ocrx_word' id='word_1_184' title='bbox 515 1764 600 1811; x_wconf 89' lang='lat' dir='ltr'>sed</span> <span class='ocrx_word' id='word_1_185' title='bbox 638 1763 946 1825; x_wconf 89' lang='lat' dir='ltr'>probaturos.</span> <span class='ocrx_word' id='word_1_186' title='bbox 989 1765 1204 1824; x_wconf 87' lang='lat' dir='ltr'>optimae</span> <span class='ocrx_word' id='word_1_187' title='bbox 1237 1780 1351 1810; x_wconf 78' lang='lat' dir='ltr'>vero</span> <span class='ocrx_word' id='word_1_188' title='bbox 1386 1766 1790 1826; x_wconf 86' lang='lat' dir='ltr'>praeparationes</span> <span class='ocrx_word' id='word_1_189' title='bbox 1816 1763 1877 1806; x_wconf 77' lang='grc'>57</span> 
     </span>
     <span class='ocr_line' id='line_1_24' title="bbox 100 1837 1789 1899; baseline 0.001 -15"><span class='ocrx_word' id='word_1_190' title='bbox 100 1841 257 1897; x_wconf 89' lang='lat' dir='ltr'>erunt,</span> <span class='ocrx_word' id='word_1_191' title='bbox 313 1854 437 1899; x_wconf 87' lang='lat' dir='ltr'>quae</span> <span class='ocrx_word' id='word_1_192' title='bbox 478 1838 729 1885; x_wconf 84' lang='lat' dir='ltr'>latuerint.</span> <span class='ocrx_word' id='word_1_193' title='bbox 770 1845 825 1885; x_wconf 86' lang='lat' dir='ltr'>ut</span> <span class='ocrx_word' id='word_1_194' title='bbox 874 1854 902 1884; x_wconf 88' lang='lat' dir='ltr'>a</span> <span class='ocrx_word' id='word_1_195' title='bbox 954 1837 1183 1884; x_wconf 87' lang='lat' dir='ltr'>Cicerone</span> <span class='ocrx_word' id='word_1_196' title='bbox 1225 1842 1339 1885; x_wconf 90' lang='lat' dir='ltr'>sunt</span> <span class='ocrx_word' id='word_1_197' title='bbox 1391 1839 1589 1898; x_wconf 87' lang='lat' dir='ltr'>quidem</span> <span class='ocrx_word' id='word_1_198' title='bbox 1628 1840 1789 1886; x_wconf 83' lang='lat' dir='ltr'>utilis-</span> 
     </span>
     <span class='ocr_line' id='line_1_25' title="bbox 99 1911 1787 1973; baseline 0.001 -15"><span class='ocrx_word' id='word_1_199' title='bbox 99 1914 219 1959; x_wconf 89' lang='lat' dir='ltr'>sime</span> <span class='ocrx_word' id='word_1_200' title='bbox 242 1912 497 1973; x_wconf 87' lang='lat' dir='ltr'>praedicta</span> <span class='ocrx_word' id='word_1_201' title='bbox 523 1912 700 1972; x_wconf 90' lang='lat' dir='ltr'>omnia,</span> <span class='ocrx_word' id='word_1_202' title='bbox 740 1929 828 1973; x_wconf 92' lang='lat' dir='ltr'>per</span> <span class='ocrx_word' id='word_1_203' title='bbox 862 1928 984 1973; x_wconf 87' lang='lat' dir='ltr'>quae</span> <span class='ocrx_word' id='word_1_204' title='bbox 1018 1912 1193 1959; x_wconf 81' lang='lat' dir='ltr'>Miloni</span> <span class='ocrx_word' id='word_1_205' title='bbox 1226 1911 1442 1971; x_wconf 84' lang='lat' dir='ltr'>Clodius,</span> <span class='ocrx_word' id='word_1_206' title='bbox 1482 1929 1581 1960; x_wconf 93' lang='lat' dir='ltr'>non</span> <span class='ocrx_word' id='word_1_207' title='bbox 1618 1912 1787 1961; x_wconf 84' lang='lat' dir='ltr'>Clodio</span> 
     </span>
    </p>

    <p class='ocr_par' dir='ltr' id='par_1_7' title="bbox 32 1986 1790 2345">
     <span class='ocr_line' id='line_1_26' title="bbox 32 1986 1788 2047; baseline 0 -13"><span class='ocrx_word' id='word_1_208' title='bbox 32 2003 73 2034; x_wconf 79' lang='grc'>25</span> <span class='ocrx_word' id='word_1_209' title='bbox 98 1986 219 2034; x_wconf 82' lang='lat' dir='ltr'>Milo</span> <span class='ocrx_word' id='word_1_210' title='bbox 258 1986 521 2034; x_wconf 88' lang='lat' dir='ltr'>insidiatus</span> <span class='ocrx_word' id='word_1_211' title='bbox 563 2002 665 2034; x_wconf 87' lang='lat' dir='ltr'>esse</span> <span class='ocrx_word' id='word_1_212' title='bbox 705 1987 954 2046; x_wconf 78' lang='lat' dir='ltr'>videatur,</span> <span class='ocrx_word' id='word_1_213' title='bbox 1001 1987 1271 2047; x_wconf 88' lang='lat' dir='ltr'>plurimum</span> <span class='ocrx_word' id='word_1_214' title='bbox 1318 1989 1486 2033; x_wconf 90' lang='lat' dir='ltr'>tamen</span> <span class='ocrx_word' id='word_1_215' title='bbox 1532 1988 1654 2034; x_wconf 85' lang='lat' dir='ltr'>facit</span> <span class='ocrx_word' id='word_1_216' title='bbox 1701 1988 1788 2034; x_wconf 88' lang='lat' dir='ltr'>illa</span> 
     </span>
     <span class='ocr_line' id='line_1_27' title="bbox 100 2057 1790 2122; baseline 0.001 -15"><span class='ocrx_word' id='word_1_217' title='bbox 100 2060 419 2108; x_wconf 86' lang='lat' dir='ltr'>callidissima</span> <span class='ocrx_word' id='word_1_218' title='bbox 466 2061 800 2121; x_wconf 88' lang='lat' dir='ltr'>simplicitatis</span> <span class='ocrx_word' id='word_1_219' title='bbox 856 2061 1096 2107; x_wconf 84' lang='lat' dir='ltr'>imitatio:</span> <span class='ocrx_word' id='word_1_220' title='bbox 1155 2057 1293 2108; x_wconf 77' lang='lat' dir='ltr'>‘Milo</span> <span class='ocrx_word' id='word_1_221' title='bbox 1351 2064 1530 2122; x_wconf 86' lang='lat' dir='ltr'>autem,</span> <span class='ocrx_word' id='word_1_222' title='bbox 1586 2077 1698 2109; x_wconf 92' lang='lat' dir='ltr'>cum</span> <span class='ocrx_word' id='word_1_223' title='bbox 1737 2064 1790 2108; x_wconf 90' lang='lat' dir='ltr'>in</span> 
     </span>
     <span class='ocr_line' id='line_1_28' title="bbox 100 2135 1787 2196; baseline 0 -14"><span class='ocrx_word' id='word_1_224' title='bbox 100 2137 275 2182; x_wconf 90' lang='lat' dir='ltr'>senatu</span> <span class='ocrx_word' id='word_1_225' title='bbox 343 2135 517 2182; x_wconf 86' lang='lat' dir='ltr'>fuisset</span> <span class='ocrx_word' id='word_1_226' title='bbox 587 2151 642 2181; x_wconf 93' lang='lat' dir='ltr'>eo</span> <span class='ocrx_word' id='word_1_227' title='bbox 714 2135 817 2194; x_wconf 89' lang='lat' dir='ltr'>die,</span> <span class='ocrx_word' id='word_1_228' title='bbox 896 2135 1060 2196; x_wconf 82' lang='lat' dir='ltr'>quoad</span> <span class='ocrx_word' id='word_1_229' title='bbox 1130 2141 1327 2182; x_wconf 89' lang='lat' dir='ltr'>senatus</span> <span class='ocrx_word' id='word_1_230' title='bbox 1400 2140 1473 2183; x_wconf 92' lang='lat' dir='ltr'>est</span> <span class='ocrx_word' id='word_1_231' title='bbox 1543 2136 1787 2196; x_wconf 86' lang='lat' dir='ltr'>dimissus,</span> 
     </span>
     <span class='ocr_line' id='line_1_29' title="bbox 99 2208 1789 2271; baseline 0.002 -17"><span class='ocrx_word' id='word_1_232' title='bbox 99 2208 299 2255; x_wconf 92' lang='lat' dir='ltr'>domum</span> <span class='ocrx_word' id='word_1_233' title='bbox 375 2210 533 2267; x_wconf 81' lang='lat' dir='ltr'>venit,</span> <span class='ocrx_word' id='word_1_234' title='bbox 612 2210 798 2256; x_wconf 87' lang='lat' dir='ltr'>calceos</span> <span class='ocrx_word' id='word_1_235' title='bbox 870 2215 918 2256; x_wconf 89' lang='lat' dir='ltr'>et</span> <span class='ocrx_word' id='word_1_236' title='bbox 986 2210 1282 2256; x_wconf 83' lang='lat' dir='ltr'>vestimenta</span> <span class='ocrx_word' id='word_1_237' title='bbox 1351 2212 1590 2270; x_wconf 84' lang='lat' dir='ltr'>mutavit,</span> <span class='ocrx_word' id='word_1_238' title='bbox 1667 2226 1789 2271; x_wconf 88' lang='lat' dir='ltr'>pau-</span> 
     </span>
     <span class='ocr_line' id='line_1_30' title="bbox 99 2283 1787 2345; baseline 0.002 -16"><span class='ocrx_word' id='word_1_239' title='bbox 99 2283 273 2344; x_wconf 88' lang='lat' dir='ltr'>lisper,</span> <span class='ocrx_word' id='word_1_240' title='bbox 344 2283 460 2330; x_wconf 92' lang='lat' dir='ltr'>dum</span> <span class='ocrx_word' id='word_1_241' title='bbox 529 2299 579 2330; x_wconf 90' lang='lat' dir='ltr'>se</span> <span class='ocrx_word' id='word_1_242' title='bbox 647 2299 791 2342; x_wconf 79' lang='lat' dir='ltr'>uxor,</span> <span class='ocrx_word' id='word_1_243' title='bbox 861 2287 915 2330; x_wconf 92' lang='lat' dir='ltr'>ut</span> <span class='ocrx_word' id='word_1_244' title='bbox 984 2283 1054 2343; x_wconf 87' lang='lat' dir='ltr'>fit,</span> <span class='ocrx_word' id='word_1_245' title='bbox 1117 2287 1393 2345; x_wconf 90' lang='lat' dir='ltr'>comparat,</span> <span class='ocrx_word' id='word_1_246' title='bbox 1458 2289 1787 2332; x_wconf 85' lang='lat' dir='ltr'>commoratus</span> 
     </span>
    </p>

    <p class='ocr_par' dir='ltr' id='par_1_8' title="bbox 32 2350 1875 2567">
     <span class='ocr_line' id='line_1_31' title="bbox 32 2350 1875 2419; baseline -0.003 -14"><span class='ocrx_word' id='word_1_247' title='bbox 32 2350 206 2405; x_wconf 51' lang='lat' dir='ltr'>so‘est?</span> <span class='ocrx_word' id='word_1_248' title='bbox 287 2373 436 2418; x_wconf 88' lang='lat' dir='ltr'>quam</span> <span class='ocrx_word' id='word_1_249' title='bbox 503 2358 629 2403; x_wconf 90' lang='lat' dir='ltr'>nihil</span> <span class='ocrx_word' id='word_1_250' title='bbox 699 2357 960 2417; x_wconf 86' lang='lat' dir='ltr'>festinato,</span> <span class='ocrx_word' id='word_1_251' title='bbox 1038 2358 1164 2404; x_wconf 86' lang='lat' dir='ltr'>nihil</span> <span class='ocrx_word' id='word_1_252' title='bbox 1239 2361 1537 2419; x_wconf 88' lang='lat' dir='ltr'>praeparato</span> <span class='ocrx_word' id='word_1_253' title='bbox 1614 2359 1787 2406; x_wconf 86' lang='lat' dir='ltr'>fecisse</span> <span class='ocrx_word' id='word_1_254' title='bbox 1813 2358 1875 2401; x_wconf 74' lang='lat'>58</span> 
     </span>
     <span class='ocr_line' id='line_1_32' title="bbox 100 2431 1788 2494; baseline 0.001 -17"><span class='ocrx_word' id='word_1_255' title='bbox 100 2431 295 2478; x_wconf 69' lang='lat' dir='ltr'>videtur</span> <span class='ocrx_word' id='word_1_256' title='bbox 341 2431 482 2478; x_wconf 76' lang='lat' dir='ltr'>Milo!</span> <span class='ocrx_word' id='word_1_257' title='bbox 539 2431 671 2493; x_wconf 88' lang='lat' dir='ltr'>quod</span> <span class='ocrx_word' id='word_1_258' title='bbox 719 2448 817 2479; x_wconf 94' lang='lat' dir='ltr'>non</span> <span class='ocrx_word' id='word_1_259' title='bbox 872 2432 1030 2479; x_wconf 89' lang='lat' dir='ltr'>solum</span> <span class='ocrx_word' id='word_1_260' title='bbox 1076 2432 1219 2479; x_wconf 91' lang='lat' dir='ltr'>rebus</span> <span class='ocrx_word' id='word_1_261' title='bbox 1266 2433 1387 2493; x_wconf 88' lang='lat' dir='ltr'>ipsis</span> <span class='ocrx_word' id='word_1_262' title='bbox 1435 2432 1512 2479; x_wconf 84' lang='lat' dir='ltr'>vir</span> <span class='ocrx_word' id='word_1_263' title='bbox 1559 2433 1788 2494; x_wconf 90' lang='lat' dir='ltr'>eloquen-</span> 
     </span>
     <span class='ocr_line' id='line_1_33' title="bbox 99 2506 1787 2567; baseline 0.001 -16"><span class='ocrx_word' id='word_1_264' title='bbox 99 2506 336 2565; x_wconf 88' lang='lat' dir='ltr'>tissimus,</span> <span class='ocrx_word' id='word_1_265' title='bbox 392 2506 573 2566; x_wconf 90' lang='lat' dir='ltr'>quibus</span> <span class='ocrx_word' id='word_1_266' title='bbox 624 2522 786 2553; x_wconf 89' lang='lat' dir='ltr'>moras</span> <span class='ocrx_word' id='word_1_267' title='bbox 850 2509 897 2553; x_wconf 90' lang='lat' dir='ltr'>et</span> <span class='ocrx_word' id='word_1_268' title='bbox 951 2507 1142 2553; x_wconf 88' lang='lat' dir='ltr'>lentum</span> <span class='ocrx_word' id='word_1_269' title='bbox 1196 2507 1517 2567; x_wconf 86' lang='lat' dir='ltr'>profectionis</span> <span class='ocrx_word' id='word_1_270' title='bbox 1567 2508 1787 2555; x_wconf 83' lang='lat' dir='ltr'>ordinem</span> 
     </span>
    </p>
   </div>
   <div class='ocr_carea' id='block_1_3' title="bbox 219 2660 888 2717">
    <p class='ocr_par' dir='ltr' id='par_1_9' title="bbox 219 2660 888 2717">
     <span class='ocr_line' id='line_1_34' title="bbox 219 2660 888 2717; baseline 0.001 -14"><span class='ocrx_word' id='word_1_271' title='bbox 219 2666 273 2704; x_wconf 83' lang='grc'>26</span> <span class='ocrx_word' id='word_1_272' title='bbox 308 2660 398 2704; x_wconf 82' lang='lat' dir='ltr'>Cic.</span> <span class='ocrx_word' id='word_1_273' title='bbox 431 2677 475 2717; x_wconf 87' lang='lat' dir='ltr'>p.</span> <span class='ocrx_word' id='word_1_274' title='bbox 509 2661 606 2705; x_wconf 72' lang='grc' dir='ltr'>ΜΠ.</span> <span class='ocrx_word' id='word_1_275' title='bbox 643 2666 710 2717; x_wconf 83' lang='grc'>10,</span> <span class='ocrx_word' id='word_1_276' title='bbox 738 2666 806 2705; x_wconf 79' lang='grc'>28.</span> <span class='ocrx_word' id='word_1_277' title='bbox 833 2667 888 2704; x_wconf 81' lang='grc'>29</span> 
     </span>
    </p>
   </div>
   <div class='ocr_carea' id='block_1_4' title="bbox 104 2824 1670 2942">
    <p class='ocr_par' dir='ltr' id='par_1_10' title="bbox 104 2824 1670 2942">
     <span class='ocr_line' id='line_1_35' title="bbox 219 2824 1670 2869; baseline 0.001 -3"><span class='ocrx_word' id='word_1_278' title='bbox 219 2829 247 2866; x_wconf 83' lang='grc'>4</span> <span class='ocrx_word' id='word_1_279' title='bbox 277 2824 351 2866; x_wconf 83' lang='grc'>1113</span> <span class='ocrx_word' id='word_1_280' title='bbox 391 2825 623 2867; x_wconf 87' lang='lat' dir='ltr'>contraria</span> <span class='ocrx_word' id='word_1_281' title='bbox 661 2834 718 2868; x_wconf 74' lang='lat' dir='ltr'>A:</span> <span class='ocrx_word' id='word_1_282' title='bbox 762 2828 922 2868; x_wconf 86' lang='lat' dir='ltr'>contra</span> <span class='ocrx_word' id='word_1_283' title='bbox 962 2833 1051 2868; x_wconf 86' lang='lat' dir='ltr'>BP</span> <span class='ocrx_word' id='word_1_284' title='bbox 1237 2830 1290 2868; x_wconf 83' lang='lat'>15</span> <span class='ocrx_word' id='word_1_285' title='bbox 1326 2828 1585 2869; x_wconf 86' lang='lat' dir='ltr'>arramatus</span> <span class='ocrx_word' id='word_1_286' title='bbox 1626 2834 1670 2868; x_wconf 83' lang='grc' dir='ltr'><em>Β</em></span> 
     </span>
     <span class='ocr_line' id='line_1_36' title="bbox 104 2884 1362 2942; baseline 0.002 -18"><span class='ocrx_word' id='word_1_287' title='bbox 104 2887 158 2926; x_wconf 88' lang='grc'>16</span> <span class='ocrx_word' id='word_1_288' title='bbox 189 2886 382 2938; x_wconf 84' lang='lat' dir='ltr'>paratus</span> <span class='ocrx_word' id='word_1_289' title='bbox 415 2884 509 2926; x_wconf 80' lang='lat' dir='ltr'>add</span> <span class='ocrx_word' id='word_1_290' title='bbox 540 2886 694 2928; x_wconf 78' lang='lat' dir='ltr'>Peters</span> <span class='ocrx_word' id='word_1_291' title='bbox 815 2890 867 2927; x_wconf 84' lang='lat'>31</span> <span class='ocrx_word' id='word_1_292' title='bbox 903 2885 1036 2942; x_wconf 84' lang='lat' dir='ltr'>Milo]</span> <span class='ocrx_word' id='word_1_293' title='bbox 1062 2890 1177 2940; x_wconf 72' lang='lat' dir='ltr'>puto</span> <span class='ocrx_word' id='word_1_294' title='bbox 1211 2884 1362 2927; x_wconf 90' lang='lat' dir='ltr'>simile</span> 
     </span>
    </p>
   </div>
   <div class='ocr_carea' id='block_1_5' title="bbox 191 2964 1517 3004">
    <p class='ocr_par' dir='ltr' id='par_1_11' title="bbox 191 2964 1517 3004">
     <span class='ocr_line' id='line_1_37' title="bbox 191 2964 1517 3004; baseline 0.004 -8"><span class='ocrx_word' id='word_1_295' title='bbox 191 2964 487 3004; x_wconf 55' lang='lat' dir='ltr'><strong>QVOETHJIANVS</strong></span> <span class='ocrx_word' id='word_1_296' title='bbox 512 2967 569 2997; x_wconf 86' lang='lat' dir='ltr'>ed.</span> <span class='ocrx_word' id='word_1_297' title='bbox 593 2966 958 2999; x_wconf 82' lang='lat' dir='ltr'>Radermacher.</span> <span class='ocrx_word' id='word_1_298' title='bbox 997 2968 1027 2998; x_wconf 92' lang='grc' dir='ltr'>Ι.</span> <span class='ocrx_word' id='word_1_299' title='bbox 1463 2964 1517 3001; x_wconf 70' lang='lat'>14</span> 
     </span>
    </p>
   </div>
  </div>
 </body>
</html>
