1991 3120
184 56 216 106 6
683 54 1055 107 QVINTILIAN'I
1084 55 1232 100 INST.
1268 56 1365 107 OB.

181 194 348 255 aliqua
388 193 444 241 de
485 193 641 241 causis
681 194 990 241 naturalibus
1031 194 1257 255 quaerit?
1294 211 1410 244 nam
1448 197 1706 244 verborum
1737 213 1849 258 pro-

179 269 361 328 prietas
394 281 451 314 ac
483 266 758 313 differentia
789 268 1026 326 omnibus,
1060 268 1145 328 qui
1176 283 1446 316 sermonem
1478 285 1620 318 curae
1652 270 1847 330 habent,

93 336 148 379 17
178 339 321 386 debet
359 355 460 387 esse
500 341 783 387 communis.
824 340 907 387 sed
947 356 1004 387 ea
1043 343 1093 387 et
1131 341 1252 389 sciet
1290 344 1473 402 optime
1512 345 1561 389 et
1593 343 1850 404 eloquetur

178 415 362 460 orator:
417 414 504 473 qui
550 412 590 459 si
635 413 810 459 fuisset
855 414 1119 474 aliquando
1167 415 1423 475 perfectus,
1471 431 1568 463 non
1616 432 1643 462 a
1689 417 1848 478 philo-

176 486 439 546 sophorum
485 485 663 533 scholis
703 487 902 533 virtutis
940 489 1204 547 praecepta
1243 490 1538 549 peterentur.
1600 504 1727 536 nunc
1766 505 1848 536 ne-
1896 508 1914 539 5

176 574 305 605 cesse
346 561 420 606 est
458 558 521 605 ad
560 574 641 606 eos
675 553 986 623 [aliquando]
1022 562 1242 608 auctores
1273 577 1533 622 recurrere,
1574 565 1658 622 qui
1689 563 1846 610 deser-

174 634 290 691 tam,
331 635 386 678 ut
425 631 538 691 dixi,
579 635 771 692 partem
810 634 1054 679 oratoriae
1088 635 1222 694 artis,
1261 635 1513 682 meliorem
1543 637 1847 696 praesertim,

174 708 551 766 occupaverunt,
606 707 655 752 et
708 706 844 753 velut
898 709 1119 753 nostrum
1172 722 1436 769 reposcere,
1498 724 1594 755 non
1647 711 1706 755 ut
1758 724 1846 756 nos

171 779 370 824 illorum
423 780 621 825 utamur
674 779 902 839 inventis,
957 780 1039 826 sed
1094 783 1150 827 ut
1202 781 1313 828 illos
1365 782 1537 829 alienis
1583 797 1696 828 usos
1745 797 1845 830 esse

87 848 145 892 18
171 851 571 899 (1000313118.ἱ;311;
608 852 762 914 igitur
801 855 968 899 orator
1006 855 1082 899 vir
1118 854 1249 913 talis,
1301 856 1460 915 qualis
1499 871 1609 902 vere
1650 855 1844 916 sapiens
1873 876 1913 906 10

172 925 413 986 appellari
451 927 620 986 possit,
660 941 745 972 nec
784 926 999 974 moribus
1031 927 1174 974 modo
1206 929 1450 988 perfectus
1485 922 1624 994 (nam
1653 928 1705 974 id
1736 944 1846 976 mea

172 999 371 1058 quidem
421 999 664 1059 opinione,
720 1015 1017 1060 quamquam
1068 1002 1183 1048 sunt
1233 1002 1318 1062 qui
1370 1001 1674 1061 dissentiant,
1726 1002 1844 1049 satis

169 1087 265 1118 non
318 1065 430 1136 est),
485 1072 568 1119 sed
622 1074 772 1119 etiam
826 1074 1031 1120 scientia
1083 1076 1132 1120 et
1183 1076 1314 1121 omni
1357 1076 1593 1122 facultate
1639 1075 1872 1121 dicendis

84 1149 143 1193 19
169 1146 329 1205 qualis
381 1146 586 1192 fortasse
639 1162 779 1193 nemo
833 1146 989 1193 adhuc
1041 1147 1203 1207 fuerit,
1259 1148 1341 1195 sed
1392 1164 1488 1196 non
1533 1148 1643 1195 ideo
1683 1149 1844 1196 minus

169 1219 306 1266 nobis
355 1218 417 1266 ad
463 1235 655 1266 summa
701 1219 998 1266 tendendum
1046 1223 1139 1267 est:
1195 1221 1326 1282 quod
1364 1222 1584 1269 fecerunt
1621 1221 1844 1283 plerique
1869 1242 1909 1273 15

167 1294 403 1352 veterum,
445 1293 527 1353 qui
567 1293 653 1339 etsi
697 1293 911 1339 nondum
952 1309 1247 1355 quemquam
1287 1296 1559 1356 sapientem
1597 1298 1845 1356 repertum

79 1369 140 1415 20
167 1365 422 1427 putabant,
475 1369 737 1427 praecepta
790 1368 955 1413 tamen
1006 1368 1278 1427 sapientiae
1328 1368 1651 1415 tradiderunt.
1729 1384 1844 1415 nam

166 1442 239 1486 est
289 1442 416 1486 certe
469 1439 659 1500 aliquid
705 1443 1044 1487 consummata
1092 1441 1372 1502 eloquentia
1422 1457 1577 1502 neque
1626 1441 1688 1489 ad
1735 1457 1844 1488 eam

163 1513 414 1572 pervenire
464 1515 640 1560 natura
687 1513 889 1559 humani
935 1513 1123 1575 ingenii
1168 1515 1408 1575 prohibet.
1488 1515 1617 1575 quod
1665 1516 1708 1562 si
1745 1530 1844 1562 non

162 1588 437 1648 contingat,
493 1587 640 1634 altius
695 1589 860 1633 tamen
913 1586 1068 1644 ibunt,
1125 1588 1208 1648 qui
1263 1587 1325 1635 ad
1372 1603 1561 1636 summa
1607 1589 1840 1648 nitentur,
1867 1609 1908 1639 ρο

164 1674 309 1719 quam
362 1661 447 1720 qui
497 1663 811 1721 praesumpta
863 1660 1199 1720 desperatione
1251 1677 1345 1722 quo
1397 1662 1552 1708 velint
1603 1660 1841 1708 evadendi

163 1735 387 1793 protinus
428 1733 556 1780 circa
596 1735 694 1780 ima
736 1733 1058 1781 substiterint.

74 1811 131 1855 21
273 1805 376 1861 Quo
424 1809 581 1868 magis
628 1807 937 1868 impetranda
986 1809 1079 1854 erit
1118 1807 1275 1865 venia,
1324 1810 1364 1854 si
1403 1824 1461 1855 ne
1501 1808 1693 1855 minora
1733 1811 1839 1869 qui-

162 1879 270 1926 dem
315 1880 416 1939 illa,
463 1896 633 1927 verum
679 1880 813 1941 operi
863 1880 992 1941 quod
1038 1880 1340 1928 instituimus
1388 1881 1662 1929 necessaria
1700 1898 1837 1943 prae-

159 1953 330 1999 teribo.
408 1969 523 2000 nam
575 1953 698 2000 liber
751 1955 939 2014 primus
995 1969 1066 2012 ea,
1121 1970 1244 2015 quae
1300 1957 1415 2001 sunt
1463 1956 1574 2002 ante
1622 1954 1837 2002 officium
1863 1976 1903 2008 25

158 2026 380 2086 rhetoris,
434 2026 714 2073 continebit.
794 2027 1002 2074 secundo
1056 2029 1215 2088 prima
1266 2028 1397 2088 apud
1446 2028 1691 2075 rhetorem
1742 2030 1835 2076 ele-

159 2103 325 2146 menta
377 2104 424 2146 et
475 2116 600 2161 quae
651 2100 708 2147 de
760 2102 868 2161 ipsa
914 2101 1177 2147 rhetorices
1218 2101 1494 2148 substantia
1535 2104 1839 2162 quaeruntur

73 2178 133 2222 22
158 2174 493 2221 tractabimus.
573 2175 787 2235 quinque
839 2174 1063 2235 deinceps
1114 2175 1389 2221 inventioni
1442 2168 1580 2226 (nam
1625 2176 1741 2222 huic
1789 2178 1838 2222 et

160 2247 415 2307 dispositio
441 2241 792 2312 subiungitur),
827 2250 1060 2308 quattuor
1092 2249 1370 2307 elocutioni,
1401 2248 1452 2293 in
1486 2248 1620 2294 cuius
1644 2251 1836 2309 partem

157 2322 391 2367 memoria
434 2335 489 2367 ac
522 2323 858 2381 pronuntiatio
892 2322 1110 2380 veniunt,
1150 2320 1409 2368 dabuntur.
1465 2337 1589 2368 unus
1623 2321 1833 2381 accedet,
1860 2343 1901 2375 30

156 2394 207 2439 in
248 2409 344 2454 quo
384 2394 523 2441 nobis
564 2396 729 2441 orator
766 2396 871 2454 ipse
910 2394 1247 2442 informandus
1281 2397 1373 2442 est:
1421 2394 1519 2454 ubi,
1560 2394 1644 2455 qui
1675 2410 1832 2442 mores

158 2468 274 2525 eiuS,
315 2482 437 2528 quae
476 2469 529 2513 in
568 2468 906 2528 suscipiendis,
954 2468 1210 2526 discendis,
1251 2468 1451 2530 agendis
1492 2468 1650 2515 causis
1689 2469 1832 2528 ratio,

157 2540 288 2600 quod
320 2541 627 2601 eloquentiae
659 2557 826 2603 genus,
860 2541 968 2602 quis
1002 2541 1181 2604 agendi
1212 2541 1386 2588 debeat
1418 2556 1519 2588 esse
1549 2541 1674 2602 finis,
1709 2557 1833 2602 quae

157 2616 269 2673 post
308 2613 451 2660 finem
491 2614 669 2673 studia,
712 2617 952 2675 quantum
992 2618 1160 2662 nostra
1199 2614 1386 2662 valebit
1423 2613 1698 2673 infirmitas,
1739 2614 1835 2662 dis-

69 2691 130 2735 23
157 2701 381 2734 seremus.
421 2687 496 2733 his
529 2687 753 2734 omnibus
786 2687 1146 2748 admiscebitur,
1179 2691 1237 2734 ut
1269 2688 1475 2749 quisque
1506 2688 1641 2736 locus
1666 2691 1831 2748 postu·
1857 2729 1897 2759 35

276 2845 299 2881 6
326 2841 576 2896 aliquando
605 2841 674 2885 del
697 2842 922 2898 Spaldiny
1004 2848 1055 2884 31
1093 2842 1171 2884 ubi
1198 2842 1335 2885 idem:
1359 2845 1412 2885 ut
1437 2843 1543 2886 libri
1567 2857 1596 2884 u
1621 2843 1671 2884 in
1694 2856 1772 2885 ras
1797 2850 1831 2883 A
