1991 3120
205 767 269 813 M.
311 766 494 814 Fabius
536 766 872 824 Quintilianus
914 766 1170 828 Tryphoni
1208 782 1295 814 suo
1336 768 1562 814 salutem.
1635 767 1785 813 Effla-
1821 769 1846 812 1

94 842 270 906 git-asti
320 841 572 889 cotidiano
625 842 862 899 convicio,
910 844 968 888 ut
1006 841 1174 902 libros,
1228 857 1350 902 quos
1392 841 1456 888 ad
1495 841 1790 888 Marcellum

93 931 259 963 meum
289 915 349 963 de
380 915 693 964 institutione
727 917 947 962 oratoria
979 916 1286 976 scripseram,
1326 916 1427 962 iam
1459 916 1684 963 emittere
1716 916 1788 962 in-

95 992 321 1051 ciperem.
369 1006 485 1036 nam
524 991 630 1051 ipse
670 1005 750 1037 eos
790 989 1011 1037 nondum
1043 989 1287 1050 opinabar
1318 991 1439 1038 satis
1473 991 1789 1049 maturuisse,

51 1083 70 1115 5
95 1064 272 1126 quibus
312 1064 684 1125 componendis,
732 1066 789 1110 ut
835 1065 951 1123 scis,
999 1064 1149 1125 paulo
1188 1064 1303 1124 plus
1345 1079 1494 1125 quam
1532 1064 1790 1111 biennium

93 1140 173 1186 tot
210 1139 400 1199 alioqui
446 1139 658 1202 negotiis
699 1137 955 1186 districtus
994 1138 1236 1199 impendi:
1285 1138 1419 1200 quod
1456 1141 1652 1200 tempus
1692 1155 1790 1186 non

94 1215 199 1259 tam
239 1213 354 1260 stilo
396 1228 546 1273 quam
584 1213 902 1274 inquisitioni
948 1213 1172 1260 instituti
1213 1214 1374 1273 operis
1414 1228 1567 1274 prope
1606 1211 1793 1260 infiniti

95 1289 146 1333 et
182 1287 402 1350 legendis
443 1286 743 1346 auctoribus,
785 1289 870 1347 qui
910 1289 1026 1333 sunt
1056 1287 1454 1346 innumerabiles,
1495 1286 1667 1333 dat-um
1703 1291 1790 1334 est.

94 1376 211 1408 usus
258 1361 432 1409 deinde
471 1361 652 1408 Horati
699 1361 920 1418 consilio,
973 1363 1060 1422 qui
1104 1363 1158 1408 in
1205 1363 1312 1408 arte
1358 1362 1556 1422 poetica
1601 1362 1788 1419 suadet,
1823 1363 1850 1406 2

27 1455 71 1486 ιο
94 1450 154 1482 ne
215 1435 571 1496 praecipitetur
635 1435 787 1483 editio
848 1449 1124 1495 nonumque
1170 1439 1427 1495 prematur
1480 1437 1534 1483 in
1589 1451 1789 1491 annum,

96 1508 274 1556 dabam
324 1511 387 1557 iis
440 1511 618 1569 otium,
669 1512 728 1556 ut
773 1510 1066 1573 refrigerato
1114 1510 1415 1557 inventionis
1465 1525 1630 1556 amore
1678 1509 1790 1556 dili-

95 1585 292 1646 gentius
322 1584 560 1645 repetitos
592 1586 851 1645 tamquam
882 1584 1036 1632 lector
1067 1584 1432 1645 perpenderem.
1466 1584 1551 1632 sed
1575 1584 1618 1630 si
1641 1586 1784 1632 tanto
1817 1586 1848 1630 3

94 1673 241 1718 opere
291 1658 632 1721 efflagitantur
683 1673 833 1719 quam
878 1662 936 1705 tu
984 1658 1230 1716 adfirmas,
1282 1660 1630 1719 permittamus
1678 1659 1790 1705 vela

94 1733 256 1779 ventis
295 1735 346 1780 et
384 1747 523 1779 oram
562 1732 867 1780 solventibus
898 1733 1019 1780 bene
1051 1749 1320 1793 precemur.
1376 1732 1592 1779 multum
1624 1735 1791 1779 autem

28 1824 70 1857 15
94 1808 148 1853 in
186 1810 276 1854 tua
315 1822 511 1867 quoque
549 1806 644 1853 fide
678 1822 734 1854 ac
766 1806 1030 1868 diligentia
1063 1808 1282 1868 positum
1315 1810 1403 1866 est,
1444 1810 1500 1854 ut
1530 1808 1583 1854 in
1616 1821 1790 1855 manus

94 1881 351 1928 hominum
391 1896 540 1941 quam
581 1880 967 1928 emendatissimi
1007 1881 1223 1929 veniant.

217 2041 242 2080 9
275 2038 407 2082 Artis
433 2039 637 2093 poeticae
669 2053 695 2081 v
728 2041 822 2082 388

188 2947 486 2987 Qvurmvms
512 2949 571 2980 ed.
594 2949 694 2980 Rad
703 2958 856 2981 eeeee
866 2950 958 2981 her.
989 2949 1018 2980 L
1497 2948 1519 2985 1
