2055 3130
607 761 880 819 LIBER
930 759 1330 819 TERTIUS.

162 978 547 1038 [PROOEMIUM
577 978 658 1021 DE
693 977 1122 1022 SCRIPTORIBUS
1153 976 1330 1020 ARTIS
1362 975 1784 1034 RHETORICAE]

234 1075 273 1122 Ι.
316 1074 559 1130 Quoniam
598 1076 651 1122 in
683 1075 810 1122 libro
844 1074 1054 1123 secundo
1090 1075 1372 1135 quaesitum
1406 1075 1493 1133 est,
1535 1074 1653 1135 quid
1688 1075 1816 1121 esset

124 1151 365 1198 rhetorice
408 1152 456 1196 et
497 1151 605 1210 quis
653 1149 764 1197 finis
820 1151 938 1211 eius,
994 1153 1152 1196 artem
1204 1163 1398 1209 quoque
1450 1163 1554 1195 esse
1610 1164 1719 1194 eam
1768 1150 1816 1195 et

82 1241 100 1274 5
124 1224 298 1272 utilem
340 1226 389 1271 et
426 1225 682 1283 virtutem,
721 1227 778 1272 ut
817 1225 946 1272 vires
985 1226 1184 1271 nostrae
1217 1222 1455 1282 tulerunt,
1496 1222 1814 1282 ostendimus,

124 1300 481 1358 materiamque
530 1298 572 1345 ei
622 1314 700 1346 res
752 1314 935 1358 omnes,
991 1298 1050 1345 de
1102 1296 1279 1358 quibus
1335 1296 1495 1343 dicere
1551 1300 1815 1358 oporteret,

126 1373 445 1421 subiecimus:
484 1374 586 1419 iam
625 1373 754 1433 hinc,
793 1373 924 1420 unde
965 1373 1195 1433 coeperit,
1244 1371 1421 1432 quibus
1463 1374 1668 1430 constet,
1719 1387 1814 1431 quo

128 1463 351 1508 quaeque
390 1448 440 1492 in
483 1463 540 1494 ea
578 1447 723 1494 modo
763 1446 1060 1494 invenienda
1100 1449 1250 1507 atque
1287 1445 1552 1492 tractanda
1583 1447 1697 1505 sint,
1739 1462 1815 1492 ex-

128 1536 318 1582 sequar,
373 1522 506 1568 intra
563 1537 708 1582 quem
769 1521 969 1569 modum
1030 1520 1254 1582 plerique
1310 1520 1572 1581 scriptores
1634 1521 1818 1566 artium

61 1613 102 1644 10
128 1597 469 1654 constiterunt,
510 1595 629 1643 adeo
661 1599 720 1643 ut
745 1595 1077 1657 Apollodorus
1118 1596 1380 1641 contentus
1421 1594 1537 1641 solis
1570 1594 1814 1641 iudiciali-

126 1670 217 1717 bus
256 1669 419 1716 fuerit.
475 1686 564 1717 nec
604 1684 713 1717 sum
751 1671 970 1733 ignarus,
1021 1670 1114 1716 hoc
1154 1684 1183 1715 a
1221 1684 1298 1714 me
1350 1668 1628 1730 praecipue,
1685 1668 1817 1730 quod

127 1745 209 1791 hic
246 1744 372 1791 liber
410 1745 627 1803 incohat,
669 1760 793 1806 opus
835 1744 1081 1792 studiosos
1123 1745 1225 1790 eius
1268 1743 1584 1803 desiderasse,
1637 1745 1692 1789 ut
1742 1744 1817 1789 in-

128 1819 394 1880 quisitione
450 1819 760 1879 opinionum,
818 1835 942 1880 quae
997 1817 1360 1865 diversissimae
1406 1817 1625 1876 fuerunt,
1671 1817 1817 1879 longe

129 1892 493 1953 difficillimum,
542 1894 617 1939 ita
662 1894 825 1941 nescio
875 1909 939 1940 an
977 1893 1210 1939 minimae
1262 1891 1541 1953 legentibus
1593 1892 1819 1938 futurum

64 1983 104 2014 15
129 1967 392 2028 voluptati,
441 1967 621 2028 quippe
665 1967 796 2028 quod
834 1983 987 2028 prope
1027 1966 1210 2013 nudam
1250 1968 1628 2027 praeceptorum
1666 1966 1818 2013 tradi-

128 2042 315 2088 tionem
354 2041 608 2088 desideret.
664 2043 719 2088 in
758 2042 929 2089 ceteris
971 2041 1102 2088 enim
1148 2040 1417 2087 admiscere
1464 2041 1817 2101 tempta-vimus

131 2114 320 2177 aliquid
357 2116 548 2176 nitoris,
603 2132 703 2163 non
755 2116 977 2163 iactandi
1024 2116 1214 2177 ingenii
1265 2114 1426 2177 gratia
1481 2107 1718 2179 (namque
1766 2116 1819 2160 in

129 2190 181 2236 id
222 2189 339 2253 eligi
377 2191 587 2237 materia
626 2193 823 2251 poterat
860 2185 1099 2255 uberior),
1140 2189 1225 2236 sed
1263 2190 1320 2235 ut
1358 2189 1450 2235 hoc
1488 2190 1596 2249 ipso
1639 2188 1817 2236 adlice-

129 2279 292 2311 remus
354 2265 513 2327 magis
567 2266 876 2312 iuventutem
933 2264 996 2311 ad
1059 2264 1390 2326 cognitionem
1453 2279 1635 2323 eorum,
1692 2279 1817 2324 quae

65 2355 107 2385 20
131 2339 408 2385 necessaria
448 2339 624 2387 studiis
657 2339 1036 2398 arbitrabamur,
1077 2340 1119 2385 si
1151 2339 1288 2384 ducti
1311 2337 1617 2385 iucunditate
1651 2337 1820 2398 aliqua

132 2411 357 2460 lectionis
396 2413 630 2460 libentius
684 2413 926 2460 discerent
977 2429 1048 2473 ea,
1096 2428 1307 2474 quorum
1351 2429 1411 2458 ne
1458 2411 1625 2458 ieiuna
1672 2414 1820 2473 atque

133 2486 273 2533 arida
311 2486 516 2534 traditio
558 2491 801 2535 averteret
851 2488 1040 2534 animos
1090 2490 1140 2533 et
1188 2501 1328 2533 aures
1376 2487 1670 2547 praesertim
1718 2488 1819 2533 tam

135 2559 371 2608 delicatas
425 2561 622 2609 raderet
676 2561 979 2609 verebamur.
1055 2576 1152 2622 qua
1208 2561 1401 2607 ratione
1458 2575 1507 2607 se
1563 2558 1820 2607 Lucretius

254 2734 308 2772 23
339 2731 471 2775 Lucr.
505 2736 547 2786 4,
581 2737 754 2775 11—13
789 2734 836 2776 et
871 2738 909 2786 1,
945 2736 1179 2775 936—938

257 2896 312 2934 14
342 2893 532 2937 minime
565 2900 664 2937 ΡΝ
776 2899 832 2939 20
865 2895 1150 2938 arbitramur
1178 2903 1224 2937 B

1872 1671 1905 1715 Ν)
