2055 3130
263 67 367 119 126
754 63 1129 117 QVINTILIANI
1158 61 1307 105 INST.
1342 62 1435 107 ΟΒ.

259 206 547 267 accepimus,
585 204 798 265 positam
836 203 977 250 nobis
1017 217 1118 249 esse
1157 201 1416 248 materiam
1460 202 1742 261 frequenter
1780 201 1931 247 etiam

170 278 232 322 21
257 278 564 341 praefatione
623 279 876 324 testamur.
941 273 1146 337 Gorgias
1200 274 1398 335 quidem
1451 274 1571 320 adeo
1623 274 1811 320 rhetori
1871 273 1930 320 de

260 351 484 400 omnibus
556 351 756 411 putavit
824 364 926 396 esse
996 347 1273 406 dicendum,
1333 350 1390 393 ut
1449 362 1500 394 se
1559 348 1612 393 in
1673 346 1931 394 auditoriis

259 425 555 487 interrogari
593 426 859 484 pateretur,
907 437 1005 482 qua
1046 421 1249 481 quisque
1289 421 1346 466 de
1385 436 1436 466 re
1488 420 1650 467 vellet.
1726 419 1930 466 Herma-

260 514 404 561 goras
445 513 637 558 quoque
677 496 879 542 dicendo
918 495 1178 542 materiam
1218 508 1319 541 esse
1357 494 1408 539 in
1441 508 1589 540 causa
1619 495 1668 539 et
1697 492 1749 538 in
1781 508 1931 552 quae·
1978 509 2000 542 5

172 571 234 614 2⁸2
261 571 502 618 stionibus
529 585 694 617 omnes
718 584 794 616 res
819 568 1061 616 subiectas
1087 569 1193 614 erat
1206 567 1497 627 complexus.
1523 566 1607 613 sed
1621 567 1932 626 quaestiones

261 646 305 692 si
356 647 505 706 negat
568 642 629 689 ad
681 642 954 689 rhetoricen
1008 642 1269 703 pertinere,
1331 640 1559 687 dissentit
1609 654 1638 685 a
1682 638 1843 685 nobis:
1891 639 1935 686 si

262 720 428 765 autem
468 717 530 764 ad
567 717 843 763 rhetoricen
873 716 1136 776 pertinent,
1177 713 1238 759 ab
1271 714 1361 760 hoc
1393 729 1586 774 quoque
1619 712 1934 772 adiuvamur,

261 792 387 837 nihil
420 794 493 838 est
523 791 666 849 enim,
699 789 830 849 quod
861 804 960 835 non
990 790 1043 834 in
1075 802 1272 835 causam
1305 790 1389 833 aut
1414 786 1748 847 quaestionem
1774 784 1932 832 cadat.

174 864 236 907 23
262 864 552 911 Aristoteles
592 864 681 910 tris
720 861 943 909 faciendo
982 863 1147 922 partes
1207 860 1456 919 orationis,
1506 858 1804 916 iudiciaiem,
1855 858 1934 905 de·
1958 877 2004 908 ιο

260 938 589 995 liberativam,
622 935 1059 983 demonstrativam
1097 949 1251 994 paene
1293 937 1341 980 et
1378 934 1483 995 ipse
1516 934 1700 979 oratori
1729 931 1937 980 subiecit

263 1012 454 1070 omnia3
493 1010 618 1057 nihil
657 1011 786 1056 enim
825 1024 923 1055 non
960 1008 1013 1053 in
1050 1008 1170 1054 haec
1212 1007 1356 1054 cadit.

176 1083 239 1127 ‘24
376 1083 661 1139 Quaesitum
701 1099 730 1130 a
769 1082 1076 1144 paucissimis
1129 1083 1177 1127 et
1223 1081 1280 1127 de
1327 1080 1652 1128 instrumento
1701 1081 1786 1126 est.
1848 1077 1936 1124 in-
2044 1072 2055 1149 ᾗ

264 1159 661 1205 strumentum
700 1171 837 1215 voco,
876 1155 978 1202 sine
1019 1170 1113 1215 quo
1152 1155 1354 1201 formari
1394 1154 1603 1200 materia
1641 1154 1692 1198 in
1731 1151 1783 1198 id
1807 1151 1938 1212 quod
2047 1154 2051 1160 ‘

263 1232 473 1278 velimus
513 1230 641 1277 effici
680 1245 800 1290 opus
840 1245 938 1275 non
976 1229 1145 1290 possit.
1185 1244 1354 1274 verum
1392 1227 1483 1273 hoc
1523 1241 1612 1288 ego
1651 1241 1749 1272 non
1781 1228 1938 1272 artem
1964 1242 2008 1274 ιε»

265 1304 406 1352 credo
447 1319 602 1366 egere,
642 1303 727 1350 sed
766 1303 1015 1349 artificem.
1072 1316 1226 1362 neque
1268 1301 1398 1346 enim
1444 1299 1647 1347 scientia
1693 1299 1939 1346 desiderat

264 1379 660 1435 instrumentum,
693 1393 817 1438 quae
848 1378 1011 1436 potest
1043 1391 1144 1422 esse
1175 1376 1527 1432 consummata,
1560 1373 1711 1420 etiam
1741 1373 1783 1420 si
1813 1371 1938 1418 nihil

265 1452 433 1510 faciat,
473 1451 555 1499 sed
594 1451 679 1496 isse
720 1449 898 1510 opifex,
936 1452 994 1495 ut
1034 1448 1250 1496 caelator
1290 1447 1479 1494 caelum
1519 1449 1567 1493 et
1604 1446 1764 1507 pictor
1800 1445 1938 1507 peni-

265 1526 393 1573 cilla.
433 1525 602 1585 itaque
641 1524 761 1571 haec
798 1524 851 1569 in
891 1538 1000 1569 eum
1038 1523 1215 1580 locum,
1271 1536 1366 1581 quo
1413 1520 1471 1568 de
1518 1523 1710 1567 oratore
1760 1519 1940 1566 dicturi

265 1613 447 1657 sumus,
489 1597 783 1644 differamus.
1962 1608 2006 1640 20

388 1742 441 1781 10
476 1737 612 1780 Rhet.
649 1742 687 1791 1,
722 1741 761 1790 3,
795 1740 819 1778 3

385 1875 409 1913 3
443 1870 656 1913 omnibus
687 1869 824 1912 rebus
849 1877 885 1910 A
1009 1872 1031 1909 7
1066 1867 1137 1909 sin
1169 1868 1323 1909 autem
1348 1874 1383 1907 A
1507 1871 1531 1908 S
1565 1866 1624 1908 ad
1647 1865 1878 1907 rhetorem
1902 1871 1939 1904 A

386 1935 440 1972 14
471 1930 517 1972 in
552 1929 602 1971 id
633 1937 690 1971 A:
740 1931 786 1970 et
816 1928 864 1970 in
904 1927 953 1969 id
985 1934 1030 1969 B
1059 1929 1106 1969 et
1136 1926 1185 1968 id
1219 1933 1262 1968 P
1290 1925 1524 1982 (materies
1564 1925 1613 1967 in
1652 1924 1701 1966 id
1741 1925 1782 1966 ci
1822 1923 1940 1966 Voll-

264 1991 373 2045 mer)
497 1992 550 2030 18
583 1987 757 2044 opifex]
792 1987 960 2029 artifex
990 1994 1028 2027 A
