2007 3120
670 54 701 96 Ι.
753 58 792 105 5,
828 58 1015 96 63-72.
1065 58 1105 107 6,
1140 58 1269 96 1—2.
1748 53 1821 106 39

127 195 376 255 copulatio
431 195 529 241 ista
584 194 875 254 corrumpit:
922 193 1036 240 inde
1084 188 1312 240 eabstulit
1361 194 1561 256 aufugit
1617 189 1822 256 amisit'‚

126 283 238 316 011111
286 269 590 329 praepositio
644 268 709 313 sit
761 262 862 313 ‘ab'
914 268 1033 327 sola,
1089 269 1138 314 et
1191 263 1346 326 ‘coit',
1401 282 1514 314 cum
1566 269 1631 314 sit-
1679 283 1821 328 prae-

123 342 307 403 positio
349 337 492 388 ‘con'.
556 343 624 389 sic
666 336 874 403 ‘ignavi'
917 343 965 387 et
1012 336 1332 402 ‘erepublica'
1382 344 1432 388 et
1481 341 1679 388 similia.
1736 342 1822 388 sed
1850 342 1910 386 70

123 431 200 463 res
246 418 355 463 tota
401 417 560 478 magis
603 414 812 462 Graecos
854 415 1006 475 decet,
1056 415 1197 462 nobis
1236 417 1400 462 minus
1442 416 1681 462 succedit:
1730 431 1821 463 neo

80 506 98 538 5
123 490 176 536 id
221 489 328 536 fieri
375 492 554 536 natura
600 492 745 550 puto,
800 489 884 536 sed
932 490 1105 536 alienis
1154 490 1398 551 favemus,
1448 489 1659 550 ideoque
1709 504 1820 536 oum

122 564 426 627 κυρταύχεῑά
487 564 658 610 11111311
721 565 895 623 51111115,
960 559 1434 610 ‘incurvicervicum'
1492 563 1577 610 vix
1635 579 1663 610 a
1716 565 1819 610 risu

122 638 441 686 defendimus.

232 712 484 773 Propria
518 715 631 758 sunt
662 711 827 771 verba,
861 727 971 758 cum
1002 712 1055 758 id
1086 706 1383 775 significant,
1415 713 1467 758 in
1502 711 1632 772 quod
1655 713 1816 773 primo
1847 711 1904 755 71

122 786 439 834 denominata
479 789 615 845 sunt,
662 786 990 846 translata,
1032 802 1142 833 cum
1182 787 1338 833 alium
1376 788 1558 833 natura
1597 786 1817 834 intellec-

54 878 96 907 10
120 863 241 921 tum,
282 862 438 907 alium
475 861 583 908 loco
623 860 875 922 praebent.
938 860 1188 908 usitatis
1229 862 1386 907 tutius
1424 862 1626 920 utimur,
1666 875 1817 907 nova

119 950 218 983 non
257 936 361 982 sine
401 935 616 996 quodam
653 936 872 996 periculo
911 935 1158 997 fingimus.
1213 951 1329 981 nam
1369 936 1412 982 si
1450 937 1647 995 recepta
1687 936 1816 994 sunt,

118 1009 364 1056 modicam
418 1009 618 1057 laudem
674 1008 903 1056 adferunt
959 1010 1186 1069 orationi,
1239 1009 1502 1070 repudiata
1558 1010 1708 1056 etiam
1762 1010 1816 1055 in

118 1085 251 1131 iocos
300 1087 495 1131 exeunt.
566 1083 848 1130 audendum
893 1086 1082 1130 tamen:
1137 1099 1367 1144 namque,
1416 1086 1470 1130 ut
1512 1082 1680 1131 Cicero
1730 1083 1813 1144 ait,
1844 1086 1903 1133 72

120 1159 272 1204 etiam
323 1174 450 1220 quae
500 1160 661 1219 primo
709 1157 831 1204 dura
879 1159 988 1206 visa
1036 1162 1165 1218 sunt,
1215 1174 1308 1205 11511
1354 1157 1658 1204 111οΠ111111111.
1731 1157 1815 1205 sed

51 1248 92 1280 15
116 1234 319 1279 minime
358 1233 498 1279 nobis
540 1247 768 1280 concessa
808 1235 883 1279 est
923 1229 1284 1294 dz-ouazorcou'ct.
1353 1233 1460 1293 quis
1502 1232 1633 1279 enim
1671 1232 1814 1292 ferat,

118 1308 160 1353 si
215 1307 334 1368 quid
389 1307 548 1354 simile
604 1307 706 1354 illis
761 1309 937 1354 merito
993 1307 1211 1355 laudatis
1259 1306 1386 1371 λίγξε
1434 1305 1540 1367 βιός
1590 1310 1636 1353 01
1685 1306 1813 1364 σίζεν

118 1377 378 1444 ὀφθαλμός
417 1381 600 1445 fingere
641 1380 944 1428 audeamus?
997 1383 1095 1428 iam
1136 1398 1197 1428 ne
1240 1377 1445 1428 ‘balare’
1488 1381 1687 1442 quidem
1727 1383 1814 1428 aut

119 1451 352 1503 ‘hinnire'
402 1456 601 1504 fortiter
652 1456 936 1516 diceremus,
987 1457 1086 1503 nisi
1134 1456 1318 1503 iudicio
1369 1456 1635 1503 vetustatis
1686 1456 1811 1502 nite-

115 1532 320 1593 renturssj

49 1621 91 1652 20
226 1604 311 1650 VI.
351 1605 442 1652 Est
483 1607 631 1652 etiam
666 1622 752 1653 sua
786 1605 1174 1666 loquentibus
1207 1605 1501 1664 observatio,
1542 1620 1630 1651 sua
1664 1606 1810 1652 scri·
1837 1609 1863 1653 1

114 1678 408 1726 bentibus.
450 1695 607 1727 sermo
635 1682 829 1727 constat
852 1680 1060 1739 ratione,
1078 1681 1340 1739 vetustate,
1367 1680 1680 1737 auctoritate,
1699 1694 1811 1726 con-

114 1753 386 1801 suetudine.
434 1754 676 1801 rationem
716 1757 942 1815 praestat
979 1756 1242 1815 praecipue
1284 1753 1529 1816 analogia,
1568 1769 1809 1800 nonnum-

116 1843 266 1888 quam
305 1831 354 1875 et
396 1829 712 1890 etymologia.
775 1831 945 1875 vetera
983 1830 1218 1876 maiestas
1260 1827 1502 1889 quaedam
1542 1833 1604 1887 et,
1643 1831 1701 1874 ut
1739 1829 1809 1875 sic

113 1901 335 1962 dixerim,
375 1903 552 1965 religio
594 1903 917 1950 commendat.
990 1905 1261 1950 31101011135
1311 1902 1370 1949 31)
1412 1901 1689 1949 oratoribus
1732 1902 1808 1949 vel
1835 1907 1863 1950 2

47 1993 88 2025 25
112 1977 363 2024 historicis
402 1979 506 2038 peti
546 1978 683 2025 50101.
732 1993 849 2024 113111
888 1979 1060 2038 poetas
1100 1977 1246 2024 metri
1286 1977 1552 2025 necessitas
1594 1980 1808 2036 excusat,

112 2052 210 2097 nisi
259 2052 301 2099 si
354 2052 549 2112 quando
596 2052 722 2098 nihil
768 2051 1069 2113 impediente
1116 2052 1168 2098 in
1215 2054 1424 2113 utroque
1471 2050 1808 2098 modulatione

111 2125 294 2186 pedum
333 2126 545 2173 alterum
584 2127 794 2186 malunt,
834 2127 1004 2188 qualia
1044 2129 1160 2173 sunt

264 2196 380 2248 ‘imo
423 2201 480 2247 de
522 2200 675 2262 stirpe
714 2197 943 2249 recisum'

112 2277 163 2321 et
263 2271 445 2322 ‘ae'riae
485 2290 581 2336 quo
622 2291 907 2338 congessere
945 2272 1221 2337 palumbes’

43 2365 87 2397 30
112 2352 160 2395 et
261 2345 416 2396 ‘silice
462 2352 515 2396 in
561 2345 711 2396 nuda’
763 2352 812 2397 et
859 2350 1064 2397 similia:
1113 2366 1223 2397 cum
1270 2365 1575 2396 summorum
1613 2349 1666 2395 in
1706 2350 1804 2396 elo-

114 2423 317 2484 quentia
347 2425 568 2471 virorum
599 2424 838 2472 iudicium
868 2440 958 2486 pro
989 2424 1197 2484 ratione,
1230 2426 1279 2471 et
1310 2424 1387 2471 vel
1414 2440 1549 2471 error
1570 2424 1804 2471 honestus

234 2570 287 2608 13
319 2565 387 2608 De
412 2568 508 2608 nat.
537 2566 659 2608 deor.
689 2571 727 2618 1,
763 2570 833 2620 31,
868 2571 923 2609 95
957 2593 1014 2598 —
1048 2571 1102 2608 16
1135 2566 1269 2609 Ηο111.
1296 2565 1346 2609 Π.
1375 2570 1414 2617 4,
1445 2570 1527 2607 125
1555 2591 1609 2596 -
1638 2564 1800 2620 Odyss.

111 2628 167 2726 gb
188 2629 272 2726 ἷξε
298 2630 482 2727 1-1528
514 2625 651 2682 Verg.
687 2627 798 2668 Aen.
835 2631 903 2679 12,
940 2630 1023 2668 208
1073 2653 1129 2657 -
1179 2630 1232 2667 29
1266 2625 1404 2681 Vei-g.
1439 2624 1534 2667 Ecl.
1571 2629 1610 2678 3,
1646 2628 1698 2667 69
1746 2650 1802 2656 —-

230 2823 252 2861 1
288 2818 524 2874 copulatio
555 2827 664 2862 BP:
699 2818 975 2874 compositio
1008 2827 1045 2860 Α
1177 2824 1229 2860 12
1265 2818 1303 2861 51
1333 2818 1581 2873 repudiata
1613 2825 1681 2858 Ab

112 2881 164 2920 17
197 2877 312 2935 iam]
347 2891 455 2920 nam
488 2878 714 2936 Spalding
745 2881 798 2933 ef
820 2879 841 2921 Ι
873 2883 913 2930 6,
946 2883 1001 2921 42
1126 2883 1182 2920 24
1212 2877 1434 2933 religiosa
1466 2885 1503 2918 Α
