2055 3130
268 99 373 151 150
758 97 1132 149 QVINTILIANI
1161 96 1312 140 INST.
1346 97 1438 140 ΟΒ.

264 240 316 285 in
346 238 486 285 libris
525 237 781 283 rhetoricis
821 237 991 295 facti,
1030 237 1306 294 nominis,
1346 235 1604 297 generis,
1655 237 1935 295 actionis,

265 314 322 358 ut
360 313 413 358 in
450 312 581 357 facto
622 311 914 370 coniectura,
953 311 1006 355 in
1044 311 1240 355 nomine
1278 309 1453 368 finitio,
1491 310 1543 354 in
1577 324 1751 370 genere
1777 309 1936 369 quali-

264 386 357 444 tas,
411 386 462 430 in
510 384 700 430 actione
746 385 821 430 ius
874 382 1262 444 intellegeretur:
1309 383 1407 428 iuri
1457 382 1728 429 subiecerat
1776 384 1936 430 trans-

264 458 512 504 lationem.
554 471 722 502 verum
760 456 840 502 hic
877 455 1059 517 legales
1101 471 1294 515 quoque
1335 457 1644 516 quaestiones
1691 455 1788 502 alio
1828 455 1935 501 loco

264 532 448 578 tractat
485 532 542 576 ut
580 530 762 590 species
803 530 1023 575 actionis.

178 604 238 648 51
377 604 594 649 Fuerunt
619 604 705 663 qui
727 603 944 648 facerent
969 603 1205 662 quinque:
1239 602 1663 660 coniecturam,
1695 601 1935 647 finitio-

265 693 414 735 nem,
454 675 832 736 qualitatem,
882 676 1306 735 quantitatem,
1361 674 1432 721 ad
1481 673 1726 734 aliquid.
1782 674 1936 721 Theo-

267 750 414 797 dorus
456 764 662 809 quoque,
701 750 758 794 ut
797 748 911 808 dixi,
949 748 1104 795 isdem
1143 747 1450 810 generalibus
1488 747 1731 808 capitibus
1755 749 1936 794 utitur:

267 839 337 869 an
378 820 490 870 sit‘?
531 821 672 883 quid
711 819 822 868 sit‘?
863 822 1036 882 quale
1077 819 1188 868 sit‘?
1237 824 1516 882 quantum
1559 819 1670 867 sit‘?
1720 820 1789 866 ad
1828 821 1937 867 ali-

267 896 420 957 quid.
460 896 551 942 hoc
589 895 819 942 ultimum
858 896 1067 941 maxime
1106 896 1157 940 in
1197 896 1514 955 conparativo
1547 908 1721 956 genere
1753 896 1939 941 versari

266 972 425 1031 putat,
467 970 699 1029 quoniam
737 968 911 1015 melius
953 984 1009 1015 ac
1047 968 1200 1029 peius,
1238 969 1399 1014 maius
1441 970 1489 1014 et
1519 969 1679 1014 minus
1712 968 1809 1014 nisi
1840 967 1938 1014 alio

179 1042 240 1086 52
267 1043 425 1090 relata
463 1058 560 1089 non
599 1042 967 1104 intelleguntur.
1009 1042 1094 1088 sed
1130 1043 1182 1087 in
1221 1042 1332 1088 illas
1375 1057 1569 1102 quoque
1606 1041 1940 1099 translativas,

267 1119 325 1163 ut
364 1132 514 1176 supra
554 1114 844 1178 significavi,
885 1116 1193 1176 quaestiones
1217 1114 1393 1161 incidit
1417 1109 1500 1161 ‘an
1524 1114 1638 1161 huic
1661 1115 1737 1161 ius
1763 1113 1941 1177 agendi

268 1186 349 1238 sit'
391 1190 468 1236 vel
511 1184 688 1235 ‘facere
729 1188 918 1248 aliquid
957 1190 1237 1235 conveniat:
1279 1204 1340 1235 an
1373 1190 1542 1235 contra
1573 1187 1715 1248 hunc,
1757 1204 1819 1234 an
1849 1188 1941 1234 hoc

266 1267 500 1324 tempore,
542 1278 604 1309 an
645 1258 747 1309 sic’.
797 1263 961 1308 omnia
1001 1263 1130 1308 enim
1168 1262 1265 1309 ista
1304 1261 1475 1308 referri
1515 1261 1576 1306 ad
1624 1261 1813 1321 ahquid
1858 1276 1939 1307 ne-

181 1335 244 1379 53
271 1352 399 1384 cesse
451 1339 535 1384 est.
586 1336 670 1382 alii
711 1352 791 1383 sex
848 1338 1005 1382 status
1059 1338 1258 1395 putant:
1314 1335 1739 1394 coniecturam,
1794 1349 1943 1394 quam

268 1407 455 1473 γένεσιν
488 1411 680 1468 vocant,
721 1411 769 1455 et
809 1409 1166 1469 qualitatem
1207 1412 1254 1455 et
1293 1409 1747 1469 proprietatem,
1786 1407 1838 1453 id
1869 1411 1943 1454 est

271 1482 499 1544 ἰδιότητα,
551 1498 646 1543 quo
693 1481 840 1529 verbo
886 1481 1043 1528 finitio
1092 1481 1378 1539 ostenditur,
1432 1484 1480 1528 et
1520 1480 1942 1541 quantitatem,

272 1572 421 1617 quam
461 1554 601 1612 ἀξίαν
642 1555 827 1614 dicunt,
868 1558 915 1602 et
955 1557 1459 1616 comparationem
1500 1557 1548 1601 et
1587 1555 1943 1602 translatio-

270 1647 418 1689 nem,
457 1631 592 1676 cuius
634 1629 796 1675 adhuc
834 1645 1014 1675 novum
1047 1644 1223 1675 nomen
1256 1629 1512 1675 inventum
1543 1631 1617 1674 est
1649 1627 1943 1690 μετάστασις,

271 1719 452 1750 novum
505 1706 760 1763 tamquam
820 1705 871 1748 in
926 1705 1080 1761 statu,
1123 1702 1307 1763 alioqui
1356 1701 1415 1748 ab
1470 1701 1775 1763 Hermagora
1814 1703 1945 1748 inter

183 1775 245 1820 54
272 1778 454 1838 species
493 1776 765 1823 iuridicalis
813 1777 1064 1822 usitatum.
1122 1776 1231 1823 aliis
1279 1780 1466 1836 septem
1513 1791 1616 1822 esse
1661 1775 1863 1835 placuit,
1916 1791 1944 1821 a

273 1850 448 1911 quibus
488 1865 575 1896 nec
613 1850 873 1896 translatio
913 1865 1000 1896 nec
1025 1850 1276 1910 quantitas
1309 1864 1397 1895 nec
1422 1850 1724 1910 comparatio
1749 1852 1945 1909 recepta

273 1927 359 1983 est,
397 1924 480 1970 sed
519 1925 569 1969 in
609 1924 783 1969 horum
823 1924 973 1969 trium
1013 1923 1173 1969 locum
1213 1922 1435 1969 subditae
1476 1924 1715 1982 quattuor
1759 1922 1943 1983 legales

185 1997 247 2040 55
274 1997 588 2057 adiectaeque
620 1996 776 2043 tribus
808 1996 909 2042 illis
941 1996 1278 2043 rationalibus.
1320 1996 1408 2041 alii
1431 1998 1758 2056 pervenerunt
1789 2011 1945 2056 usque

275 2071 338 2118 ad
377 2074 485 2117 octo
525 2070 849 2117 translatione
890 2070 952 2116 ad
992 2073 1177 2130 septem
1218 2069 1492 2130 superiores
1525 2069 1728 2115 adiecta.
1771 2084 1800 2116 a
1839 2071 1945 2129 qui—

274 2144 480 2191 busdam
535 2143 707 2189 deinde
768 2143 926 2190 divisa
986 2145 1136 2190 ratio
1180 2146 1266 2201 est,
1321 2146 1377 2189 ut
1432 2146 1624 2190 status
1679 2143 1945 2189 rationales

276 2218 594 2278 appellarent,
652 2218 1057 2277 quaestiones,
1109 2232 1256 2277 quem
1296 2216 1359 2262 ad
1397 2216 1596 2262 modum
1638 2230 1783 2277 supra
1831 2216 1945 2275 dixi,

276 2291 474 2354 legales,
506 2292 556 2336 in
589 2291 688 2337 illis
721 2290 785 2336 de
818 2306 896 2351 re,
937 2292 989 2336 in
1021 2290 1095 2337 his
1121 2289 1186 2337 de
1218 2291 1443 2351 scripto
1472 2293 1799 2350 quaereretur.
1841 2291 1947 2349 qui-

277 2364 391 2412 dam
429 2366 480 2410 in
520 2364 767 2411 diversum
805 2364 892 2410 hos
926 2366 1082 2411 status
1123 2379 1239 2423 esse,
1278 2364 1391 2410 illas
1425 2362 1733 2423 quaestiones
1764 2363 1948 2410 malue-

188 2436 249 2479 56
275 2440 404 2485 runt.
462 2437 544 2485 sed
585 2437 670 2483 alii
720 2437 985 2484 rationales
1032 2441 1131 2484 tres
1179 2440 1493 2497 putaverunt,
1541 2451 1612 2482 an
1659 2438 1759 2496 sit,
1807 2436 1948 2497 quid

394 2583 421 2620 4
452 2577 576 2621 Part.
610 2580 723 2620 orat.
759 2582 812 2620 31
846 2578 892 2619 et
925 2581 979 2619 38

396 2716 446 2752 11
482 2711 653 2765 putant
683 2717 767 2751 ΑΡ
915 2713 967 2750 13
999 2709 1167 2752 incidit
1201 2709 1556 2764 Capperonmsser:
1588 2708 1802 2751 incidunt

280 2773 335 2811 20
370 2769 521 2811 adhuc
552 2777 608 2811 A:
651 2767 709 2810 ab
741 2768 829 2810 hoc
860 2774 1037 2810 ΒηΡΝ
1062 2767 1119 2810 01)
1151 2768 1238 2810 hoc
1269 2775 1341 2818 By
1469 2772 1521 2810 21
1555 2767 1747 2821 inquam
1778 2767 1950 2823 Reyius

397 2833 450 2869 22
476 2826 750 2870 iuridicialis
784 2827 890 2870 libri
921 2826 1023 2880 (-les
1055 2829 1151 2881 ΑΡ)
1272 2831 1326 2868 23
1359 2839 1444 2869 nec
1475 2826 1714 2880 quantitas
1746 2840 1814 2869 om
1854 2833 1889 2866 Α

279 2890 334 2928 25
365 2885 624 2929 rationibus
656 2886 764 2928 ΒΡ1
856 2890 908 2927 27
945 2888 990 2929 et
1022 2912 1078 2917 -
1111 2884 1406 2941 appellarunt
1436 2893 1473 2926 Α
1565 2889 1619 2927 29
1651 2887 1705 2926 ut
1728 2884 1777 2926 in
1800 2884 1949 2927 illisA

1963 908 2006 939 10

1967 1275 2007 1307 15

1967 1645 2010 1676 20

1969 2013 2011 2045 25

1971 2381 2015 2412 30
