2012 3151
24 892 67 923 10

24 1261 65 1292 15

24 1631 67 1662 20

24 2004 65 2035 25

764 71 839 113 VI.
874 75 914 124 4,
949 76 1106 115 5—14.
1668 74 1775 125 353

90 213 143 257 in
184 226 354 271 causa,
407 211 594 257 malum
647 211 779 270 quod
831 213 1036 257 tacetur.
1094 226 1245 271 quare
1300 210 1456 258 bonus
1512 212 1778 259 altercator
1804 214 1866 258 10

91 285 215 332 vitio
253 284 538 332 iracundiae
579 287 766 343 careat3
813 284 980 331 nullus
1021 285 1151 330 enim
1190 283 1374 331 rationi
1412 287 1570 347 magis
1612 285 1778 332 obstat

92 359 313 406 adfectus
355 360 403 404 et
442 358 539 404 fert
578 362 716 404 extra
756 373 955 406 causam
985 358 1275 418 plerumque
1309 360 1358 404 et
1390 358 1631 405 deformia
1664 374 1775 405 con-

91 432 221 479 vicia
259 433 419 479 facere
461 447 516 479 ac
554 432 730 478 mereri
771 432 903 494 cogit
943 435 990 478 et
1029 433 1082 478 in
1120 433 1254 492 ipsos
1294 447 1666 493 nonnumquam
1703 434 1777 478 iu-

93 507 224 554 dices
275 505 467 553 incitat.
527 507 703 553 melior
754 506 1029 553 moderatio
1094 521 1150 553 ac
1200 521 1572 567 nonnumquam
1627 507 1779 553 etiam

90 581 358 640 patientia,
398 596 554 640 neque
595 582 721 626 enim
761 580 1023 626 refutanda
1061 583 1270 639 tantum,
1320 595 1445 641 quae
1487 596 1543 627 ex
1583 582 1778 626 contra-

90 655 164 701 rio
205 654 457 713 dicuntur,
513 653 598 701 sed
649 654 1018 713 contemnenda,
1074 654 1327 711 elevanda,
1381 653 1586 700 ridenda
1649 658 1777 714 sunt,

91 743 179 774 nec
225 743 435 789 usquam
483 729 593 789 plus
641 729 737 774 loci
783 728 961 788 recipit
1010 728 1281 775 urbanitas.
1329 728 1442 787 hoc,
1491 728 1606 775 dum
1659 728 1777 775 ordo

92 804 167 849 est
206 805 254 848 et
292 802 472 863 pudor:
526 805 697 848 contra
735 801 982 849 turbantis
1034 801 1316 848 audendum
1362 806 1411 849 et
1456 802 1777 863 inpudentiae

90 876 289 924 fortiter
326 876 666 923 resistendum.
720 878 835 922 sunt
874 876 1001 922 enim
1053 876 1255 937 quidam
1301 875 1534 936 praeduri
1588 876 1639 922 in
1686 877 1779 923 hoc
1805 876 1864 921 11

92 950 205 1009 oris,
246 952 303 996 ut
342 949 630 1010 obstrepant
675 949 868 1012 ingenti
918 951 1132 996 clamore
1189 953 1237 997 et
1290 949 1476 997 medios
1530 965 1777 998 sermones

90 1024 411 1084 intercipiant
459 1027 506 1071 et
546 1025 710 1071 omnia
755 1023 976 1070 tumultu
1024 1023 1344 1083 confundant,
1400 1039 1522 1085 quos
1577 1027 1633 1071 ut
1679 1040 1780 1071 non

89 1099 292 1158 imitari,
342 1099 413 1144 sic
461 1099 639 1144 acriter
685 1098 974 1158 propulsare
1024 1099 1286 1158 oportebit,
1339 1100 1387 1145 et
1433 1100 1656 1158 ipsorum
1704 1100 1779 1145 in-

91 1171 392 1232 probitatem
429 1171 750 1231 retundendo,
803 1175 851 1218 et
888 1172 1073 1220 iudices
1122 1173 1201 1219 vel
1248 1171 1574 1232 praesidentis
1622 1174 1779 1235 magi-

91 1248 276 1293 stratus
317 1246 612 1308 appellando
651 1247 973 1306 frequentius,
1029 1250 1085 1293 ut
1124 1246 1358 1306 loquendi
1405 1248 1536 1293 vices
1584 1262 1778 1294 serven-

89 1322 183 1367 tur.
240 1337 339 1367 non
380 1323 453 1367 est
491 1336 567 1367 res
609 1322 764 1366 animi
802 1321 1008 1367 iacentis
1065 1323 1115 1368 et
1161 1321 1326 1367 mollis
1378 1336 1528 1382 supra
1579 1321 1778 1368 modum

88 1395 283 1453 frontis,
322 1394 554 1455 fallitque
592 1395 898 1455 plerumque,
948 1394 1078 1455 quod
1119 1394 1341 1455 probitas
1382 1398 1602 1454 vocatur,
1653 1411 1780 1456 quae

90 1472 163 1515 est
223 1468 536 1515 inbecillitas.
601 1469 736 1515 valet
798 1472 963 1516 autem
1017 1469 1070 1516 in
1125 1469 1446 1516 altercatione
1509 1470 1779 1530 plurimum
1805 1469 1867 1513 12

92 1558 312 1602 acumen,
353 1543 485 1604 quod
525 1544 628 1589 sine
668 1543 815 1590 dubio
858 1559 915 1589 ex
955 1546 1060 1590 arte
1100 1559 1199 1590 non
1238 1545 1376 1591 venit
1409 1537 1615 1608 (natura
1648 1545 1780 1591 enim

90 1633 189 1664 non
229 1611 470 1681 docetur),
524 1619 629 1664 arte
668 1620 836 1664 tamen
884 1618 1164 1665 adiuvatur.
1213 1619 1265 1664 in
1314 1634 1412 1678 qua
1457 1619 1779 1679 praecipuum
1806 1618 1867 1663 13

90 1694 164 1738 est
203 1706 393 1751 semper
431 1691 483 1737 id
521 1693 574 1737 in
615 1692 770 1738 oculis
811 1692 1004 1751 habere,
1044 1691 1101 1738 de
1144 1708 1239 1753 quo
1282 1692 1540 1752 quaeritur
1573 1695 1620 1739 et
1646 1692 1779 1754 quod

88 1766 317 1813 volumus
359 1765 572 1812 efficere:
613 1766 745 1826 quod
783 1767 1095 1827 propositum
1133 1769 1358 1813 tenentes
1399 1781 1488 1813 nec
1527 1768 1581 1812 in
1618 1768 1780 1813 rixam

90 1839 270 1887 ibimus
309 1855 398 1887 nec
439 1855 616 1887 causae
655 1839 822 1887 debita
853 1843 1079 1901 tempora
1113 1840 1436 1887 conviciando
1470 1843 1778 1888 conteremus

91 1913 525 1977 gaudebimusque,
567 1916 610 1961 si
647 1915 738 1961 hoc
781 1914 1090 1962 adversarius
1131 1915 1264 1961 facit.

204 1986 384 2035 Omnia
421 1991 643 2049 tempore
682 1989 1024 2050 praeparanda
1065 1992 1178 2035 sunt
1217 1988 1469 2035 meditatis
1502 1989 1779 2052 diligenter,
1806 1988 1868 2034 14

93 2078 217 2123 quae
259 2065 345 2109 aut
385 2078 440 2109 ex
481 2063 686 2110 adverso
727 2063 825 2109 dici
865 2067 950 2109 aut
989 2062 1276 2123 responderi
1316 2079 1343 2108 a
1383 2063 1525 2110 nobis
1557 2067 1778 2124 possunt.

91 2152 463 2198 nonnumquam
501 2138 669 2183 tamen
710 2138 835 2184 solet
874 2138 964 2184 hoc
999 2153 1195 2198 quoque
1229 2152 1333 2184 esse
1366 2139 1488 2184 artis
1521 2153 1688 2200 genus,
1723 2140 1780 2185 ut

93 2210 337 2272 quaedam
396 2212 445 2257 in
512 2212 702 2257 actione
765 2211 1080 2258 dissimulata
1150 2211 1312 2259 subito
1375 2214 1428 2258 in
1498 2212 1778 2259 altercando

89 2285 425 2346 proferantur:
482 2288 556 2332 est
609 2285 881 2345 inopinatis
937 2285 1276 2347 eruptionibus
1333 2289 1420 2333 aut
1475 2302 1531 2333 ex
1584 2286 1778 2334 insidiis

210 2474 235 2512 3
267 2470 359 2514 fert
388 2479 487 2513 AG:
528 2470 624 2514 fere
656 2479 786 2513 PVM
811 2473 816 2526 l
846 2484 1035 2514 causam
1067 2485 1145 2515 exc
1179 2471 1299 2516 Cass.
1311 2490 1324 2515 .·
1357 2484 1544 2514 causam
1577 2472 1623 2514 et

93 2534 115 2572 7
151 2530 473 2573 contennenda
487 2531 582 2587 (sic)
603 2539 661 2574 P:
683 2531 964 2573 continenda
979 2538 1148 2573 AGVM
1237 2534 1262 2572 8
1294 2530 1382 2573 hoc
1401 2530 1512 2573 dum
1537 2531 1779 2588 Spalding:

90 2589 178 2631 hoc
211 2589 339 2631 dium
370 2598 450 2631 AG
481 2590 640 2632 odium
673 2598 805 2633 PVM
982 2594 1035 2632 19
1068 2592 1356 2645 interpwnoeit
1389 2590 1608 2633 Kiderlin

92 2653 146 2690 25
181 2649 306 2691 omni
344 2651 552 2705 tempore
591 2658 629 2691 A
669 2649 794 2692 omni
826 2652 1037 2705 tempora
1084 2658 1119 2691 G
1162 2649 1319 2691 omnia
1361 2651 1573 2706 tempora
1606 2657 1737 2692 PVJI
1769 2651 1773 2708 Ι

89 2708 435 2766 praeparanda]
468 2708 564 2751 fere
595 2712 762 2764 parata
795 2709 893 2751 ΡΥ1
925 2709 1043 2752 ferre
1075 2710 1243 2764 parata
1273 2708 1421 2751 ΛΜΨ*2
1450 2711 1618 2764 parata
1654 2717 1689 2750 G

92 2771 145 2809 26
172 2780 290 2822 quae
315 2775 360 2810 V:
382 2780 592 2822 quaeque
607 2776 784 2823 Pquae
803 2769 916 2824 quid
932 2777 969 2810 A
988 2782 1107 2823 quae
1121 2769 1247 2823 quod
1269 2776 1357 2810 GM
1382 2770 1387 2824 Ι
1414 2768 1596 2823 possint
1612 2776 1694 2810 ΡΥ

90 2830 145 2869 29
172 2830 243 2869 est
266 2834 417 2870 AGM:
452 2829 498 2869 et
525 2835 605 2869 PV
627 2830 631 2883 Ι
661 2831 742 2870 aut
765 2828 1021 2871 incursioni
1045 2842 1099 2870 ex
1116 2828 1201 2870 ins.
1227 2827 1381 2870 factae
1403 2827 1671 2871 Gernhard:
1696 2829 1778 2869 aut

88 2886 254 2929 incisio
288 2900 344 2929 ex
374 2885 558 2929 insidiis
591 2902 616 2929 *
649 2887 803 2929 factae
835 2896 872 2928 A
905 2889 987 2930 aut
1017 2887 1068 2929 in
1098 2887 1283 2929 insidiis
1316 2902 1341 2930 >aa
1376 2886 1498 2929 facte
1535 2895 1570 2928 G
1602 2888 1683 2929 aut
1723 2900 1777 2928 ex

179 2969 488 3009 vaoenmnvs,
512 2969 569 3000 ed.
594 2969 960 3001 Radermacher.
1007 2970 1037 3000 Ι.
1453 2965 1507 3002 23
