2055 3130
40 882 82 913 10

38 1251 79 1283 15

36 1622 80 1653 20

35 2362 78 2393 30

735 59 812 102 IV.
847 64 886 112 2,
922 63 1167 102 114-1-25.
1690 60 1795 111 221

110 202 357 247 sententia
409 199 606 260 quidem
657 199 796 245 velut
845 199 1112 260 fatigatum
1165 199 1439 245 intentione
1491 199 1799 246 stomachum

109 274 285 321 iudicis
325 273 521 320 reficere
563 273 901 331 dissuaserim,
954 274 1165 318 maxime
1215 272 1414 333 quidem
1461 271 1600 319 brevi
1645 274 1797 319 inter-

107 349 333 407 iectione,
373 347 533 408 qualis
576 349 649 393 est
687 346 777 392 illa
819 342 1059 392 ‘fecerunt
1099 345 1228 393 servi
1266 345 1479 405 Milonis,
1521 346 1653 406 quod
1685 361 1797 394 suos

109 422 315 482 quisque
356 436 520 468 servos
559 421 613 466 in
651 435 702 466 re
749 420 843 466 tali
888 420 1049 467 facere
1088 415 1363 479 voluisset',
1402 421 1603 466 interim
1643 420 1792 480 paulo

108 495 358 554 liberiore,
409 493 569 554 qualis
625 497 698 540 est
737 493 847 539 illa:
897 489 1059 539 ‘nubit
1098 509 1275 556 genero
1318 509 1482 541 socrus
1522 493 1672 540 nullis
1715 510 1798 540 au-

109 569 345 630 spicibus,
398 568 548 615 nullis
605 567 907 626 auctoribus,
970 567 1177 614 funestis
1241 567 1486 614 ominibus
1543 563 1796 614 omnium’.

108 641 239 702 quod
272 658 381 688 cum
422 642 486 688 sit
523 642 711 687 factum
741 641 802 688 iis
837 657 1032 702 quoque
1063 641 1384 701 temporibus,
1427 641 1601 701 quibus
1636 642 1793 688 omnis
1821 643 1916 686 122

108 715 170 762 ad
208 715 482 762 utilitatem
519 716 686 775 potius
729 730 874 775 quam
910 715 972 761 ad
998 717 1380 762 ostentationem
1413 716 1799 777 componebatur

107 791 268 837 oratio
310 792 362 836 et·
400 793 541 836 erant
581 789 738 835 adhuc
779 791 1025 835 severiora
1064 789 1262 848 iudicia,
1316 793 1500 850 quanto
1548 805 1677 835 nunc
1725 790 1798 836 fa-

110 863 336 910 ciendum
367 865 540 925 magis,
582 879 691 910 cum
731 863 783 909 in
819 865 928 923 ipsa
971 864 1146 924 capitis
1189 866 1276 909 aut
1315 864 1630 910 fortunarum
1671 864 1797 924 peri—

109 938 218 984 cula
271 937 462 998 inrupit
511 935 778 997 voluptas?
837 938 916 983 cui
962 937 1216 984 hominum
1265 938 1504 984 desiderio
1554 940 1797 998 quantum

106 1011 215 1058 dari
254 1011 430 1058 debeat
471 1011 568 1057 alio
609 1011 716 1058 loco
759 1011 942 1057 dicam:
981 1012 1184 1058 interim
1218 1011 1407 1072 aliquid
1439 1011 1797 1073 indulgendum

106 1100 207 1132 esse
249 1084 496 1132 confiteor.
545 1086 760 1131 multum
801 1086 989 1132 confert
1029 1086 1222 1132 adiecta
1260 1086 1390 1133 veris
1432 1085 1679 1132 credibilis
1719 1103 1793 1132 re·
1819 1086 1916 1131 123

104 1175 213 1205 rum
260 1161 440 1222 imago,
511 1175 636 1219 quae
699 1159 837 1206 velut
886 1161 939 1206 in
1000 1176 1105 1205 rem
1165 1164 1476 1220 praesentem
1530 1159 1795 1220 perducere

106 1233 353 1280 audientis
400 1233 608 1292 videtur,
661 1234 821 1294 qualis
871 1236 945 1280 est
990 1233 1079 1280 illa
1119 1233 1183 1279 M.
1234 1232 1371 1280 Caeli
1421 1235 1473 1280 in
1519 1234 1793 1281 Antonium

106 1307 393 1368 descriptio:
459 1304 691 1368 ‘namque
758 1307 921 1368 ipsum
976 1307 1238 1355 offendunt
1291 1308 1562 1355 temulento
1621 1323 1793 1369 sopore

105 1381 442 1443 profligatum,
482 1383 602 1428 totis
643 1382 945 1442 praecordiis
980 1384 1265 1429 stertentem
1299 1386 1555 1429 ructuosos
1589 1384 1794 1443 spiritus

105 1455 370 1517 geminare,
410 1457 788 1516 praeclarasque
830 1456 1204 1504 contubernales
1246 1456 1306 1503 ab
1334 1456 1558 1503 omnibus
1593 1457 1794 1518 spondis

102 1532 411 1576 transversas
466 1530 702 1576 incubare
759 1534 807 1576 et
860 1530 1078 1591 reliquas
1136 1530 1318 1576 circum
1372 1532 1532 1578 iacere
1587 1532 1794 1591 passim:

107 1619 232 1664 quae
286 1606 453 1650 tamen
510 1605 819 1650 exanimatae
875 1608 1081 1663 terrore,
1136 1605 1354 1651 hostium
1410 1605 1627 1652 adventu
1684 1622 1791 1666 per·
1818 1605 1916 1649 124

105 1679 263 1738 cepto,
304 1679 515 1725 excita-re
556 1679 826 1724 Antonium
869 1678 1186 1739 conabantur,
1227 1695 1404 1726 nomen
1443 1679 1795 1739 inclamabant,

104 1751 290 1798 frustra
346 1768 374 1798 a
430 1752 700 1798 cervicibus
754 1752 1012 1812 tollebant,
1067 1752 1295 1800 blandius
1352 1754 1452 1799 alia
1507 1753 1570 1799 ad
1626 1769 1795 1800 aurem

103 1825 384 1886 invocabat,
433 1826 771 1874 vehementius
814 1827 964 1873 etiam
1004 1827 1244 1874 nonnulla
1294 1827 1526 1874 feriebat:
1582 1843 1795 1888 quarum

105 1915 216 1946 cum
285 1899 505 1946 omnium
573 1916 743 1947 vocem
812 1903 1101 1961 tactumque
1178 1902 1467 1961 noscitaret,
1537 1902 1791 1962 proximae

62 1991 75 1999 ·
107 1974 347 2035 cuiusque
395 1975 577 2021 collum
629 1975 864 2035 amplexu
918 1975 1140 2036 petebat:
1192 1991 1350 2036 neque
1403 1976 1615 2022 dormire
1667 1978 1792 2023 exci-

103 2051 239 2095 tatus
280 2064 437 2108 neque
478 2048 687 2111 vigilare
728 2049 890 2096 ebrius
922 2052 1134 2110 poterat,
1174 2050 1259 2097 sed
1291 2049 1585 2098 semisomno
1619 2066 1792 2111 sopore

102 2123 233 2169 inter
294 2138 468 2168 manus
533 2125 876 2170 centurionum
940 2123 1419 2185 concubinarumque
1474 2121 1791 2171 iactabatur'.

102 2196 229 2242 nihil
266 2196 343 2243 his
382 2212 540 2257 neque
581 2196 862 2244 credibilius
900 2197 1021 2260 fingi
1053 2214 1211 2258 neque
1250 2199 1588 2245 vehementius
1622 2215 1792 2259 expro-

102 2270 237 2316 brari
276 2287 434 2331 neque
474 2271 786 2319 manifestius
828 2271 1020 2318 ostendi
1058 2275 1235 2333 potest.

213 2343 289 2391 Ne
334 2344 461 2391 illud
507 2345 705 2406 quidem
754 2345 1049 2406 praeteribo,
1105 2349 1342 2407 quantam
1397 2347 1590 2393 adferat
1642 2346 1789 2394 fidem
1816 2348 1910 2391 125

105 2419 399 2478 expositioni
432 2419 680 2466 narrantis
713 2421 998 2479 auctoritas,
1031 2436 1181 2480 quam
1213 2420 1389 2467 mereri
1422 2421 1651 2468 debemus
1678 2428 1791 2468 ante

106 2494 271 2538 omnia
313 2493 510 2552 quidem
557 2495 678 2553 vita,
727 2494 810 2540 sed
861 2497 908 2541 et
957 2496 1065 2555 ipso
1119 2511 1295 2557 genere
1348 2496 1608 2542 orationis:
1661 2496 1792 2556 quod

224 2652 249 2690 3
280 2663 325 2703 p.
359 2647 456 2690 Mil.
493 2654 561 2703 10,
595 2653 648 2691 29
684 2676 738 2682 —
773 2654 797 2692 5
829 2664 874 2705 p.
909 2648 1087 2693 Cluent.
1122 2654 1162 2704 ὅ,
1191 2654 1245 2692 14

222 2817 250 2854 4
280 2824 331 2854 re
355 2811 442 2854 tali
465 2820 555 2854 BP
575 2812 656 2855 Vt.-
688 2812 775 2854 tali
805 2826 855 2855 re
879 2821 916 2854 Α
945 2814 1032 2857 Cic.
1061 2814 1174 2856 codd
1295 2818 1320 2856 8
1347 2828 1487 2868 quam
1513 2814 1791 2858 ostentatio-

102 2883 210 2912 nem
240 2870 349 2912 BP1
469 2875 494 2913 9
526 2871 799 2914 faciundum
830 2880 920 2914 BP
