2055 3130
697 80 751 125 V.
788 85 827 138 7,
861 86 1048 126 28—37.
1083 87 1123 136 8,
1159 88 1196 125 1.
1679 83 1786 134 245

59 248 65 253 -
107 228 157 271 et
196 223 418 284 quaestio
461 224 682 284 sequitur
722 238 777 269 ex
815 224 951 282 ipsis,
991 223 1094 268 utri
1131 222 1358 269 meliores
1383 223 1493 281 viri,
1535 237 1590 268 ex
1615 222 1787 280 causis,

106 298 208 344 utri
246 298 403 359 magis
445 296 701 343 credibilia
739 296 966 354 dixerint,
1007 312 1064 342 ex
1102 295 1454 358 litigatoribus,
1493 297 1595 341 utri
1626 297 1788 357 gratia

104 370 263 433 magis
302 371 564 416 valuerint.
604 370 680 417 his
721 369 911 416 adicere
951 369 993 416 si
1035 369 1119 429 qui
1158 369 1292 416 volet
1332 384 1403 427 ea,
1455 385 1580 429 quae
1620 369 1789 416 divina
1815 369 1877 413 35

106 444 391 491 testimonia
431 445 626 503 vocant,
667 459 722 488 ex
753 444 1017 503 responsis,
1058 443 1284 501 oraculis,
1326 443 1585 501 ominibus,
1627 442 1787 503 dupli-

62 535 81 566 5
108 533 212 564 cem
252 519 378 564 sciat
418 533 519 565 esse
569 533 737 564 eorum
783 520 1075 563 tractatum:
1139 516 1419 578 generalem
1466 517 1690 576 alterum,
1737 518 1789 561 in

107 606 203 652 quo
242 592 371 638 int-er
412 590 603 638 Stoicos
644 593 692 637 et
730 590 936 651 Epicuri
975 593 1159 637 sectam
1198 594 1388 638 secutos
1421 606 1588 653 pugna
1619 606 1788 651 perpe-

106 669 194 711 tua
234 668 320 723 est,
359 669 623 727 regaturne
662 664 977 725 providentia
1015 664 1240 723 mundus,
1283 664 1544 725 specialem
1578 664 1790 710 alterum

108 740 235 785 circa
275 739 432 799 partis
467 739 803 798 divinationis,
844 742 898 785 ut
933 754 1154 798 quaeque
1186 739 1239 784 in
1266 739 1603 798 quaestionem
1637 737 1789 784 cadet.

107 813 254 859 aliter
293 814 423 859 enim
464 812 785 871 oraculorum,
828 812 974 859 aliter
1011 812 1342 872 haruspicum,
1383 828 1638 875 augurum,
1680 827 1792 858 con·
1816 810 1880 854 36

39 903 84 934 10
105 887 361 946 iectorum,
400 886 862 933 mathematicorum
900 885 1019 933 fides
1061 886 1340 933 confirmari
1377 889 1464 933 aut
1505 886 1669 932 refelli
1706 901 1791 946 po-

104 963 219 1019 test,
259 976 366 1007 cun]
408 960 472 1007 sit
509 976 673 1006 rerum
710 961 930 1020 ipsarum
962 961 1091 1007 ratio
1118 960 1325 1006 diversa.
1367 961 1495 1007 circa
1531 961 1633 1007 eius
1657 959 1795 1007 modi

108 1050 302 1095 quoque
341 1036 671 1081 instrumenta
709 1033 952 1080 firmanda
983 1034 1064 1080 vel
1089 1034 1385 1081 destruenda
1408 1035 1621 1080 multum
1643 1033 1795 1080 habet

107 1110 269 1169 operis
310 1110 488 1168 oratio,
530 1110 572 1155 si
612 1123 736 1169 quae
778 1111 895 1154 sunt
925 1123 1069 1155 voces
1094 1124 1181 1169 per
1205 1109 1389 1167 vinum,
1432 1124 1672 1167 somnum,
1713 1108 1792 1154 de-

105 1182 344 1229 mentiam
385 1182 603 1241 emissae,
657 1183 736 1229 vel
785 1184 988 1243 excepta
1040 1182 1362 1242 parvulorum
1415 1182 1614 1242 indicia,
1670 1197 1793 1243 quos

42 1273 84 1303 15
109 1272 223 1317 pars
266 1257 422 1303 altera
462 1256 587 1303 nihil
626 1256 823 1318 fingere,
866 1256 1021 1303 altera
1060 1256 1186 1303 nihil
1225 1256 1446 1303 iudicare
1480 1256 1673 1303 dictura
1706 1265 1793 1302 est.

108 1345 197 1378 nec
236 1333 433 1377 tantum
471 1332 717 1391 praestari
755 1330 845 1377 hoc
886 1346 1038 1392 genus
1079 1334 1320 1391 potenter,
1373 1330 1457 1378 sed
1497 1332 1661 1390 etiam,
1708 1329 1796 1376 ubi
1819 1327 1880 1371 37

106 1420 205 1451 non
246 1408 332 1464 est,
373 1404 643 1451 desiderari
682 1405 828 1452 solet:
870 1399 1149 1465 ‘pecuniam
1189 1404 1388 1452 dedisti:
1431 1405 1538 1466 quis
1571 1420 1795 1450 numera-

106 1476 214 1525 vit‘?
240 1477 363 1524 ubi‘?
388 1475 569 1525 undeP'
600 1474 860 1526 ‘venenum
886 1479 1074 1540 arguis:
1099 1478 1181 1525 ubi
1216 1477 1345 1525 emi?
1372 1494 1400 1524 a
1426 1477 1559 1540 quo‘?
1586 1476 1795 1538 quanti?

105 1569 194 1613 per
257 1568 403 1613 quem
458 1550 604 1599 dedi?
669 1568 762 1613 quo
828 1549 1074 1600 conscio?'
1142 1568 1265 1614 quae
1328 1554 1430 1600 fere
1485 1553 1650 1599 omnia
1705 1568 1793 1613 pro

40 1643 84 1674 20
110 1626 336 1674 Cluentio
380 1625 546 1673 Cic-ero
588 1627 640 1672 in
681 1627 883 1673 crimine
923 1626 1146 1674 veneficii
1203 1629 1400 1674 excutit.
1456 1627 1577 1673 haec
1626 1627 1683 1673 de
1722 1628 1796 1672 in-

108 1700 447 1748 artificialibus
489 1717 638 1762 quam
677 1700 963 1748 brevissime
1002 1702 1156 1762 potui.

469 1826 567 1884 [DE
599 1825 989 1870 PROBATIONE
1022 1826 1422 1884 ARTIFICIALI]

218 1922 353 1970 Vm.
395 1922 515 1970 Pars
557 1923 715 1970 altera
753 1922 1114 1983 probationum,
1158 1939 1282 1983 quae
1325 1926 1397 1970 est
1435 1925 1543 1971 tota
1575 1924 1635 1968 in
1668 1925 1793 1969 arte
1828 1921 1854 1964 1

111 2000 402 2057 constatque
438 1997 583 2044 rebus
625 1997 686 2043 ad
727 1996 1005 2044 faciendam
1044 1997 1190 2043 fidem
1216 1997 1469 2057 adpositis,
1508 1997 1798 2058 plerumque

43 2087 85 2118 25
111 2073 199 2117 aut
239 2073 436 2117 omnino
477 2071 756 2133 neglegitur
796 2074 884 2118 aut
922 2071 1169 2118 levissime
1203 2071 1469 2134 attingitur
1501 2071 1562 2118 ab
1594 2071 1672 2134 iis,
1712 2072 1800 2132 qui

111 2148 404 2207 argumenta
443 2145 581 2192 velut
618 2145 821 2193 horrida
853 2148 902 2192 et
935 2146 1226 2208 confragosa
1257 2147 1474 2193 vitantes
1508 2145 1798 2192 amoeniori-

109 2218 199 2265 bus
239 2219 359 2266 locis
401 2219 638 2279 desident,
679 2235 836 2279 neque
878 2220 1024 2266 aliter
1064 2235 1211 2280 quam
1249 2220 1301 2279 ii,
1341 2222 1427 2281 qui
1464 2219 1731 2266 traduntur
1770 2235 1799 2266 a

108 2292 270 2353 poetis
310 2296 462 2356 gustu
502 2293 755 2341 cuiusdam
797 2293 928 2355 apud
974 2293 1290 2356 Lotophagos
1340 2294 1577 2357 graminis
1627 2297 1674 2340 et
1723 2292 1797 2339 Si-

108 2382 284 2414 renum
323 2369 470 2414 cantu
512 2368 715 2414 deleniti
769 2369 1080 2429 voluptatem
1121 2368 1270 2415 saluti
1317 2368 1631 2430 praetulisse,
1679 2367 1799 2414 dum

230 2527 284 2565 ρο
319 2537 340 2565 c
374 2527 445 2576 60,
481 2528 562 2566 167

231 2719 256 2757 8
291 2716 413 2758 circa
444 2730 567 2759 unus
601 2717 712 2760 liber
746 2717 1018 2761 Parisinus.-
1051 2719 1211 2759 contra
1243 2724 1372 2758 ABP
1402 2717 1458 2759 Vt
1474 2731 1510 2771 p
1535 2720 1619 2758 406
1649 2718 1655 2771 Ι
1684 2715 1799 2757 divi-

110 2774 352 2817 nationem
397 2783 541 2818 ABP:
591 2777 778 2832 corriyit
826 2777 882 2819 Vt
921 2776 1260 2818 divinationum
1305 2777 1584 2819 To'rnebladh
1622 2778 1627 2829 1
1663 2775 1800 2817 cadet

122 2833 179 2876 Vt
218 2851 274 2875 a:
325 2834 488 2877 caedes
527 2843 564 2875 Α
607 2835 735 2877 cadit
771 2842 878 2877 ΒΡ·
981 2840 1032 2877 11
1067 2835 1274 2890 ipsarum
1306 2843 1364 2877 A:
1406 2848 1564 2877 earum
1594 2842 1684 2876 BP

113 2897 168 2934 14
202 2892 327 2947 quod
357 2893 465 2935 BP1
589 2898 641 2936 16
674 2894 905 2949 praestari
937 2895 991 2937 ed
1026 2895 1203 2950 Camp:
1233 2896 1471 2949 praestare
