2007 3120
765 54 798 98 Ι.
849 58 888 108 5,
923 57 1109 97 27—38.
1720 52 1790 103 33

99 196 259 256 nibus,
299 194 358 242 de
392 195 568 256 quibus
602 210 751 256 supra
784 194 1010 253 diximus,
1041 194 1178 241 vitiis
1205 193 1299 241 erit
1322 193 1412 240 illa
1438 209 1561 253 quae
1587 195 1793 240 vocatur

101 267 378 334 ὀρθοέπεια,
410 269 463 316 111
489 271 564 317 est
588 269 850 315 emendata
875 284 985 316 cum
1010 269 1257 315 suavitate
1283 283 1460 314 vocum
1485 267 1791 328 explanatio:

100 360 216 391 nam
255 345 327 391 sic
365 344 523 404 accipi
560 345 725 404 potest
763 344 911 389 recta.

215 417 386 465 Cetera
432 417 556 465 vitia
596 418 762 464 omnia
802 433 859 464 ex
897 417 1122 477 pluribus
1163 415 1365 463 vocibus
1407 418 1535 474 sunt,
1584 431 1792 475 quorum
1817 415 1882 460 34

58 511 78 544 5
104 495 178 540 est
218 492 623 540 soloecismus.
681 507 984 552 quamquam
1029 493 1160 538 circa
1198 491 1290 545 hoc
1330 505 1530 550 quoque
1571 489 1791 549 disputa-

101 569 211 614 tum
251 570 346 626 est3
386 582 501 612 nam
543 567 695 612 etiam
735 567 823 626 qui
862 566 1103 627 conplexu
1143 566 1382 611 orationis
1424 563 1642 611 accidere
1682 579 1794 609 eum

0 659 2 691 1
102 640 409 700 confitentur,
466 640 581 700 quia
628 644 797 687 tamen
843 640 990 688 unius
1040 639 1380 686 emendatione
1428 637 1566 684 verbi
1613 638 1794 700 corrigi

98 716 272 777 possit,
319 715 369 760 in
409 714 556 762 verbo
598 730 702 762 esse
741 715 935 774 vitium,
986 730 1084 761 non
1124 714 1175 759 in
1215 728 1438 761 sermone
1477 712 1794 771 contendunt,
1818 713 1881 757 35

101 805 225 850 cum,
259 791 363 837 sive
406 785 622 836 eamarae
656 785 871 835 corticis'
915 805 1001 836 seu
1052 785 1230 835 ‘medio
1273 783 1470 834 cortice’
1512 802 1600 847 per
1639 802 1793 848 genus

34 884 77 915 1ο
102 865 224 911 facit
276 864 620 911 soloecismum
669 856 901 923 (quorum
950 866 1182 910 neutrum
1229 862 1430 923 quidem
1475 860 1794 922 reprehendo,

101 955 212 985 cum
258 939 324 985 sit
368 939 626 998 utriusque
665 937 918 1000 Vergilius
967 939 1152 998 auctor,
1200 936 1284 984 sed
1322 935 1566 998 fingamus
1607 937 1793 981 utrum-

100 1012 222 1060 libet
271 1028 370 1059 non
420 1014 553 1059 rec-te
601 1006 825 1078 dictum),
877 1013 1088 1059 mutatio
1128 1011 1262 1059 vocis
1315 1011 1542 1070 alterius,
1593 1011 1645 1056 in
1697 1025 1795 1070 qua

99 1088 279 1134 vitium
330 1089 449 1146 erat,
501 1089 688 1133 rectam
735 1086 970 1147 loquendi
1014 1087 1259 1134 rationem
1306 1087 1373 1133 sit
1418 1083 1687 1142 redditura,
1737 1086 1797 1130 ut

102 1157 280 1209 eamari
318 1157 532 1209 corticis’
574 1160 663 1207 fiat
703 1161 782 1207 vel
823 1157 1005 1208 ‘media
1043 1156 1258 1208 cortice'.
1323 1159 1458 1220 quod
1503 1158 1795 1205 manifestae

35 1254 76 1287 15
103 1235 379 1283 calumniae
420 1239 515 1283 est:
557 1238 787 1282 neutrum
828 1236 957 1282 enim
996 1236 1232 1282 vitiosum
1266 1237 1340 1282 est
1372 1236 1672 1295 separatum,
1712 1232 1796 1280 sed

102 1311 439 1372 conpositione
487 1313 734 1371 peccatur,
784 1326 911 1371 quae
951 1311 1053 1357 13111
1093 1310 1332 1357 sermonis
1374 1312 1460 1356 est.
1523 1307 1649 1354 illud
1689 1323 1794 1354 eru-
1820 1308 1885 1352 36

100 1385 252 1433 ditius
293 1386 563 1446 quaeritur,
611 1400 675 1431 an
714 1386 767 1431 in
807 1384 1015 1448 singulis
1057 1399 1251 1446 quoque
1291 1383 1453 1430 verbis
1494 1383 1652 1444 possit
1689 1381 1798 1428 fieri

101 1461 432 1519 soloecismus,
471 1462 528 1505 ut
569 1460 611 1506 si
648 1475 805 1505 unum
844 1461 954 1520 quis
997 1459 1059 1505 ad
1099 1475 1149 1506 se
1189 1473 1369 1506 vocans
1411 1458 1542 1504 dicat
1577 1452 1795 1516 τ17011110,

103 1537 192 1582 aut
222 1535 283 1581 si
328 1534 485 1594 pluris
535 1550 563 1580 a
613 1549 660 1580 se
703 1533 956 1581 dimittens
997 1535 1072 1581 ita
1109 1533 1347 1594 loquatur
1387 1526 1507 1579 ‘abi'
1549 1535 1637 1578 aut
1679 1527 1796 1578 ‘dis-

34 1626 77 1657 20
102 1605 252 1656 cede'.
322 1624 410 1655 nec
457 1624 556 1655 non
597 1624 707 1655 cum
745 1624 1033 1670 responsum
1075 1607 1135 1655 ab
1175 1608 1513 1669 interrogante
1553 1605 1796 1665 dissentit,

100 1686 157 1730 ut
196 1685 239 1730 si
279 1683 463 1730 dicenti
505 1679 670 1743 ‘quem
709 1679 905 1729 vide-02³⁹
963 1684 1036 1729 ita
1077 1697 1304 1729 occurras
1348 1677 1492 1743 ‘ego'.
1562 1682 1612 1726 in
1655 1683 1797 1743 gestu

102 1759 254 1804 etiam
292 1757 520 1804 nonnulli
551 1759 733 1818 putant
765 1757 896 1804 idem
926 1757 1106 1803 vitium
1136 1758 1310 1814 inesse,
1352 1771 1463 1802 cum
1495 1754 1631 1801 aliud
1663 1770 1795 1814 voce,

102 1831 240 1879 aliud
286 1834 411 1878 nutu
459 1832 539 1878 vel
585 1848 736 1879 manu
783 1832 1170 1890 demonstratum
1218 1831 1334 1877 111110
1374 1830 1596 1891 opinioni
1634 1844 1795 1889 neque
1822 1830 1882 1874 37

101 1906 300 1954 omnino
349 1905 525 1953 accedo
565 1922 722 1968 neque
763 1906 909 1967 plane
951 1906 1202 1953 dissentio.
1272 1920 1388 1952 nam
1428 1904 1479 1951 id
1518 1904 1679 1951 fateor
1719 1917 1795 1950 ac-

35 1996 77 2029 25
103 1980 262 2028 cidere
313 1996 431 2028 voce
482 1996 597 2040 una,
648 1996 748 2028 non
796 1984 964 2027 tamen
1012 1980 1159 2027 aliter
1206 1995 1355 2040 quam
1402 1980 1444 2027 si
1484 1979 1550 2026 sit
1590 1978 1796 2038 aliquid,

102 2055 235 2117 quod
282 2055 385 2102 vim
432 2055 637 2102 alterius
677 2055 811 2103 voc-is
852 2057 1089 2116 optineat,
1139 2054 1200 2101 ad
1241 2053 1376 2115 quod
1413 2068 1507 2101 vox
1546 2053 1634 2100 illa
1673 2051 1796 2099 refe-

100 2132 262 2177 ratur:
309 2132 366 2176 ut
404 2130 719 2177 soloecismus
762 2146 818 2177 ex
858 2130 1114 2190 complexu
1151 2129 1241 2175 fiat
1280 2144 1462 2188 eorum,
1503 2128 1680 2189 quibus
1719 2141 1796 2173 res

102 2203 444 2266 significantur
484 2208 533 2251 et
571 2204 801 2251 voluntas
835 2204 1124 2252 ostenditur.
1182 2207 1332 2264 atque
1365 2206 1421 2249 ut
1454 2218 1648 2249 omnem
1680 2202 1796 2247 effu·
1823 2200 1885 2245 38

102 2279 238 2340 giam
277 2278 659 2339 cavillationem,
701 2279 765 2326 sit
805 2278 1072 2340 aliquando
1104 2280 1156 2324 in
1188 2293 1288 2324 uno
1321 2277 1485 2337 verbo,
1524 2292 1799 2337 numquam

35 2353 154 2401 30111
204 2353 308 2401 solo
359 2353 524 2400 verbo.
594 2369 682 2415 per
730 2356 850 2414 quot
897 2356 1065 2400 autem
1113 2356 1161 2400 et
1201 2368 1322 2414 quas
1364 2351 1558 2398 accidat
1598 2352 1798 2412 species,

102 2443 202 2474 non
241 2427 363 2475 satis
403 2430 646 2475 convenit.
704 2430 789 2489 qui
827 2428 1127 2489 plenissime,
1170 2426 1582 2488 quadripertitam
1622 2426 1800 2473 volunt

104 2517 208 2549 esse
254 2501 498 2549 rationem
545 2518 632 2549 nec
674 2503 825 2549 aliam
867 2519 1016 2563 quam
1055 2501 1364 2561 barbarismi,
1415 2504 1473 2548 ut
1511 2500 1598 2547 fiat
1639 2499 1797 2547 adiec-

223 2677 247 2715 9
283 2673 377 2716 Ecl.
412 2679 452 2726 6,
487 2679 540 2716 62
577 2701 632 2705 —
666 2673 830 2730 Georg.
866 2679 905 2726 2,
941 2679 995 2717 74

225 2825 278 2864 18
310 2822 382 2864 uti
415 2822 454 2864 si
485 2830 575 2864 BP
678 2827 733 2866 20
766 2823 1133 2880 interrogatione
1166 2831 1210 2865 P
1314 2827 1367 2864 23
1401 2835 1486 2864 1100
1518 2821 1705 2865 0111111110
1738 2820 1799 2862 Al

193 2885 249 2923 24
280 2881 331 2923 id
362 2896 498 2937 posse
530 2882 681 2925 fateor
713 2890 757 2924 P
867 2888 921 2925 26
953 2882 1153 2926 refertur
1184 2882 1243 2923 A¹
1352 2886 1405 2924 30
1437 2894 1521 2937 per
1553 2894 1667 2935 quas
1703 2888 1733 2921 Α

194 2962 461 3002 QvnvnmAm
485 2965 541 2996 ed.
567 2965 932 2996 Radermacher.
965 2965 994 2996 I.
1503 2959 1526 2996 3
