2055 3130
254 74 357 126 158
745 71 1129 124 QVINTHJIANL
1145 72 1295 115 INST.
1329 71 1421 116 ΟΒ.

254 210 574 276 συλλογισμόν
612 211 775 271 habet⁷
816 227 878 258 an
915 227 1005 271 pro
1044 227 1142 258 non
1179 211 1310 258 natis
1350 212 1450 258 sint
1487 211 1720 271 habendi,
1771 214 1856 272 qui
1894 227 1925 259 a

253 287 446 333 familia
485 288 598 332 sunt
631 285 857 332 alienati:
898 285 1055 331 altera
1085 285 1258 345 scripti
1289 287 1338 331 et
1368 285 1652 331 voluntatis.
1690 300 1788 331 non
1820 300 1923 332 esse

255 360 384 406 enim
422 359 552 405 hunc
589 360 760 404 natum
800 359 913 405 ante
952 358 1229 420 legitimum
1268 359 1508 416 convenit,
1548 357 1633 404 sed
1669 358 1924 405 voluntate

253 433 377 494 legis
417 448 466 479 se
504 431 738 490 tuebitur,
778 446 926 491 quam
974 431 1104 477 dicet
1148 431 1300 477 talem
1353 431 1517 490 fuisse,
1571 433 1628 477 ut
1674 431 1923 493 legitimus

255 508 381 552 esset
418 505 599 551 nothus
639 506 745 550 tum
782 506 943 563 natus,
976 519 1084 550 cum
1125 505 1250 551 alius
1288 504 1542 566 legitimus
1573 505 1626 550 in
1658 504 1801 550 domo
1825 520 1923 551 non
1971 520 1992 552 5

135 578 230 622 100
256 582 394 625 esset.
436 578 673 638 scriptum
713 593 906 638 quoque
946 576 1068 638 legis
1109 577 1331 623 excludet
1371 576 1550 636 dicens,
1599 592 1699 623 non
1737 578 1925 637 utique,

253 653 295 700 51
333 654 504 712 postea
543 651 794 713 legitimus
832 653 977 697 natus
1017 666 1116 696 non
1141 650 1219 709 sit,
1259 650 1408 697 notho
1433 665 1620 708 nocere,
1659 651 1924 710 uteturque

252 725 342 772 hoc
383 726 694 787 argumento:
736 720 881 786 ‘finge
922 724 1079 770 solum
1117 726 1291 771 natum
1328 723 1547 783 nothum,
1589 724 1728 770 cuius
1761 723 1925 771 condi-

258 798 410 845 cionis
451 796 577 844 erit?
616 799 813 844 tantum
853 795 1007 843 civis?
1048 796 1189 857 atqui
1228 813 1326 843 non
1365 797 1460 843 erit
1499 798 1611 857 post
1649 796 1926 858 legitimum

253 874 411 918 natus.
454 887 517 918 an
554 869 718 917 filius?
760 871 900 931 atqui
931 886 1028 917 non
1054 870 1148 916 erit
1171 873 1284 917 ante
1309 870 1555 932 legitimos
1581 872 1739 916 natus.
1775 885 1925 930 quare
1950 887 1994 917 10

255 945 296 991 si
336 944 493 992 verbis
533 944 654 1007 legis
703 945 825 990 stari
863 959 961 990 non
1000 946 1176 1004 potest,
1225 943 1481 991 voluntate
1536 943 1764 990 standum
1819 939 1925 991 est'.

135 1017 227 1061 101
254 1033 343 1064 1166
384 1033 677 1078 quemquam
715 1017 893 1076 turbet,
934 1017 1065 1077 quod
1105 1032 1161 1062 ex
1199 1033 1297 1063 una
1328 1017 1435 1078 lege
1468 1017 1562 1063 duo
1595 1018 1752 1063 status
1783 1015 1926 1062 fiant:

252 1092 431 1152 duplex
456 1094 542 1150 est,
566 1092 638 1138 ita
662 1091 762 1137 vim
787 1090 995 1136 duarum
1018 1090 1178 1137 habet.
1210 1091 1369 1137 redire
1400 1091 1450 1136 in
1475 1090 1717 1136 familiam
1741 1089 1928 1137 volenti

253 1166 434 1212 dicitur
466 1165 525 1211 ab
559 1165 714 1211 altero
746 1166 980 1224 primum:
1020 1165 1076 1209 ut
1106 1164 1200 1210 tibi
1237 1163 1395 1210 redire
1433 1164 1595 1221 liceat,
1634 1164 1772 1209 heres
1804 1178 1924 1210 sum.

252 1239 381 1285 idem
422 1241 593 1297 status,
633 1239 718 1299 qui
755 1239 807 1283 in
838 1237 1077 1297 petitione
1111 1237 1345 1284 abdicati:
1386 1239 1648 1298 quaeretur
1679 1238 1823 1295 enim,
1863 1251 1925 1282 an
1951 1252 1994 1284 15

137 1310 229 1353 102
254 1313 411 1373 possit
451 1327 551 1358 esse
583 1312 719 1358 heres
746 1311 1012 1358 abdicatus.
1056 1311 1268 1357 obicitur
1300 1312 1622 1357 communiter
1653 1325 1682 1356 a
1714 1310 1925 1356 duobus:

253 1386 411 1432 redire
452 1384 545 1431 tibi
584 1384 634 1431 in
673 1385 914 1431 familiam
964 1399 1062 1430 non
1107 1384 1250 1443 licet3
1297 1399 1394 1430 non
1446 1384 1575 1430 enim
1628 1385 1769 1444 pater
1822 1384 1926 1430 sine

253 1459 421 1506 liberis
462 1458 680 1505 decessit.
723 1457 807 1504 sed
844 1459 896 1503 in
935 1458 1025 1504 hoc
1064 1459 1265 1517 propria
1313 1457 1517 1517 quisque
1565 1472 1734 1503 eorum
1780 1471 1926 1517 quae-

254 1534 411 1579 stione
451 1534 649 1578 nitetur.
709 1531 834 1577 alter
874 1531 1003 1576 enim
1042 1531 1184 1590 dicet,
1233 1530 1510 1577 abdicatum
1562 1545 1754 1590 quoque
1798 1531 1928 1576 inter

254 1607 432 1652 liberos
474 1621 590 1663 6556,
631 1607 679 1652 et
718 1607 1063 1667 argumentum
1103 1605 1246 1651 ducet
1278 1620 1332 1650 ex
1364 1606 1486 1664 ipsa,
1529 1619 1624 1664 qua
1655 1603 1928 1663 repellit-ur,
1951 1619 1995 1650 20

254 1681 382 1741 lege3
432 1694 787 1740 supervacuum
828 1680 956 1724 enim
996 1678 1144 1724 fuisse
1183 1677 1431 1738 prohiberi
1469 1679 1625 1737 patris
1664 1676 1804 1723 bonis
1845 1676 1927 1722 ab·
2051 1666 2053 1670 ¹

255 1753 487 1810 dicatum,
528 1753 570 1799 si
610 1754 736 1799 esset
774 1767 975 1798 numero
1009 1751 1300 1798 alienorum:
1340 1766 1482 1809 nunc,
1523 1752 1641 1811 quia
1686 1750 1776 1796 filii
1822 1751 1927 1796 iure

254 1827 448 1872 futurus
490 1826 639 1872 fuerit
677 1826 902 1871 intestati
940 1825 1092 1884 heres,
1133 1826 1408 1885 oppositam
1449 1840 1550 1871 esse
1590 1824 1762 1886 legem,
1803 1839 1927 1883 quae

255 1902 420 1946 tamen
460 1915 557 1945 non
596 1899 647 1945 id
673 1898 869 1957 efficiat,
908 1914 966 1944 ne
1006 1898 1135 1945 filius
1176 1900 1254 1956 sit,
1294 1898 1378 1945 sed
1402 1914 1461 1944 ne
1486 1899 1625 1944 heres
1650 1899 1726 1943 sit.
1768 1899 1926 1944 status
2048 1944 2050 1950 ,

138 1970 231 2014 103
257 1973 497 2019 finitivus:
539 1972 658 2033 quid
697 1974 762 2019 sit
800 1972 942 2019 filius.
983 1987 1149 2018 rursus
1189 1971 1367 2018 nothus
1409 1971 1588 2018 eisdem
1620 1971 1812 2032 colligit
1851 1985 1926 2016 ar-
1951 1986 1994 2018 25
2043 1962 2049 1967 ’

256 2046 516 2109 gumentis,
563 2062 659 2093 non
715 2047 817 2092 sine
871 2045 1038 2092 liberis
1092 2049 1282 2106 patrem
1322 2045 1594 2103 decessisse,
1647 2043 1822 2104 quibus
1876 2044 1927 2089 in

255 2119 493 2180 petitione
533 2134 647 2166 usus
688 2123 776 2179 est,
814 2122 871 2166 ut
908 2118 1139 2180 probaret
1190 2133 1291 2165 6556
1347 2134 1396 2165 56
1443 2118 1612 2174 filium,
1659 2117 1755 2163 nisi
1800 2116 1926 2163 forte

261 2197 310 2240 et
347 2194 427 2239 hic
465 2192 736 2239 finitionem
776 2195 959 2239 movet:
1001 2209 1060 2238 an
1093 2192 1236 2238 liberi
1261 2193 1360 2238 sint
1393 2191 1541 2238 etiam
1572 2206 1669 2237 non
1701 2191 1925 2252 legitimi.

259 2266 434 2313 cadent
482 2282 595 2327 ergo
642 2266 690 2311 in
743 2282 892 2312 unam
939 2267 1319 2312 controversiam
1366 2265 1445 2311 vel
1501 2264 1778 2324 specialiter
1831 2263 1925 2310 duo

255 2341 467 2402 legitimi
522 2342 701 2399 status,
757 2339 927 2400 scripti
982 2341 1030 2386 et
1083 2339 1354 2386 voluntatis
1410 2341 1459 2385 et
1513 2338 1826 2399 syllogismus
1878 2339 1927 2383 et
1951 2353 1994 2384 30

256 2417 512 2474 practerea
549 2412 724 2472 finitio,
763 2413 841 2460 vel
879 2416 978 2459 tres
1017 2413 1108 2470 illi,
1156 2414 1240 2473 qui
1279 2415 1456 2458 natura
1503 2411 1596 2459 soli
1641 2413 1769 2469 sunt,
1816 2425 1926 2456 con-

257 2487 448 2534 iectura
485 2487 536 2532 in
576 2488 757 2546 scripto
798 2489 846 2532 et
883 2486 1153 2544 voluntate,
1194 2486 1408 2546 qualitas
1449 2485 1498 2532 in
1538 2484 1823 2547 syllogismo
1864 2487 1927 2541 et,

258 2576 381 2620 quae
422 2576 509 2620 per
548 2576 596 2607 56
638 2563 709 2606 est
749 2562 935 2620 aperta,
974 2559 1147 2606 finitio.

375 2689 399 2726 2
434 2687 480 2727 et
513 2684 673 2740 scripti
704 2693 771 2725 Ab
892 2689 918 2726 4
952 2699 998 2726 56
1032 2698 1101 2727 om
1131 2692 1168 2725 A
1290 2689 1314 2726 5
1355 2685 1466 2726 tunc
1506 2691 1543 2724 A
1665 2686 1719 2724 10
1760 2695 1819 2723 an
1857 2695 1927 2724 om

256 2749 427 2794 ByPN
446 2746 450 2799 Ι
478 2743 740 2799 legitimum
772 2751 808 2784 A
943 2748 992 2785 11
1028 2746 1150 2785 stare
1182 2751 1218 2784 A
1399 2747 1452 2784 16
1487 2741 1688 2784 adicitur
1717 2748 1806 2782 BP

259 2807 313 2844 20
346 2803 457 2859 qua]
491 2815 607 2857 quae
642 2810 686 2844 B
835 2807 887 2844 21
922 2802 1089 2857 patriis
1122 2801 1174 2845 ed
1206 2803 1262 2845 R.
1297 2801 1517 2856 Stephani
1682 2803 1735 2842 27
1768 2798 1927 2854 petiti-

259 2875 392 2903 onem
422 2869 459 2902 A
