<?xml version="1.0" encoding="UTF-8"?>
<!DOCTYPE html PUBLIC "-//W3C//DTD XHTML 1.0 Transitional//EN"
    "http://www.w3.org/TR/xhtml1/DTD/xhtml1-transitional.dtd">
<html xmlns="http://www.w3.org/1999/xhtml" xml:lang="en" lang="en">
 <head>
  <title>
</title>
<meta http-equiv="Content-Type" content="text/html;charset=utf-8" />
  <meta name='ocr-system' content='tesseract 3.04.00' />
  <meta name='ocr-capabilities' content='ocr_page ocr_carea ocr_par ocr_line ocrx_word'/>
</head>
<body>
  <div class='ocr_page' id='page_1' title='image "./institvtionisora00quinuoft/institvtionisora00quinuoft_0116.png"; bbox 0 0 2007 3120; ppageno 0'>
   <div class='ocr_carea' id='block_1_1' title="bbox 175 45 1360 98">
    <p class='ocr_par' dir='ltr' id='par_1_1' title="bbox 175 45 1360 98">
     <span class='ocr_line' id='line_1_1' title="bbox 175 45 1360 98; baseline -0.007 -1"><span class='ocrx_word' id='word_1_1' title='bbox 175 46 250 97; x_wconf 82' lang='grc'>96</span> <span class='ocrx_word' id='word_1_2' title='bbox 679 45 1055 98; x_wconf 85' lang='lat' dir='ltr'><strong>QVINTILIANI</strong></span> <span class='ocrx_word' id='word_1_3' title='bbox 1083 45 1149 89; x_wconf 81' lang='lat' dir='ltr'>[N</span> <span class='ocrx_word' id='word_1_4' title='bbox 1154 45 1233 89; x_wconf 85' lang='lat' dir='ltr'>ST.</span> <span class='ocrx_word' id='word_1_5' title='bbox 1268 45 1360 90; x_wconf 91' lang='lat' dir='ltr'>OR.</span> 
     </span>
    </p>
   </div>
   <div class='ocr_carea' id='block_1_2' title="bbox 109 185 1911 2447">
    <p class='ocr_par' dir='ltr' id='par_1_2' title="bbox 109 185 1911 2447">
     <span class='ocr_line' id='line_1_2' title="bbox 174 185 1847 248; baseline 0.001 -17"><span class='ocrx_word' id='word_1_6' title='bbox 174 186 344 248; x_wconf 87' lang='lat' dir='ltr'>magni</span> <span class='ocrx_word' id='word_1_7' title='bbox 383 200 574 246; x_wconf 90' lang='lat' dir='ltr'>quoque</span> <span class='ocrx_word' id='word_1_8' title='bbox 622 185 832 231; x_wconf 89' lang='lat' dir='ltr'>nominis</span> <span class='ocrx_word' id='word_1_9' title='bbox 878 186 1231 246; x_wconf 83' lang='lat' dir='ltr'>professorum,</span> <span class='ocrx_word' id='word_1_10' title='bbox 1280 200 1485 246; x_wconf 88' lang='lat' dir='ltr'>quorum</span> <span class='ocrx_word' id='word_1_11' title='bbox 1541 185 1737 246; x_wconf 87' lang='lat' dir='ltr'>aliquis,</span> <span class='ocrx_word' id='word_1_12' title='bbox 1791 189 1847 233; x_wconf 91' lang='lat' dir='ltr'>ut</span> 
     </span>
     <span class='ocr_line' id='line_1_3' title="bbox 177 257 1846 322; baseline 0.001 -18"><span class='ocrx_word' id='word_1_13' title='bbox 177 259 364 318; x_wconf 82' lang='lat' dir='ltr'>opinor,</span> <span class='ocrx_word' id='word_1_14' title='bbox 414 259 761 320; x_wconf 87' lang='lat' dir='ltr'>interrogatus,</span> <span class='ocrx_word' id='word_1_15' title='bbox 816 258 933 319; x_wconf 90' lang='lat' dir='ltr'>quid</span> <span class='ocrx_word' id='word_1_16' title='bbox 973 259 1099 305; x_wconf 89' lang='lat' dir='ltr'>esset</span> <span class='ocrx_word' id='word_1_17' title='bbox 1146 264 1301 320; x_wconf 78' lang='grc' dir='ltr'>σχῆμα</span> <span class='ocrx_word' id='word_1_18' title='bbox 1349 261 1397 305; x_wconf 89' lang='grc'>31</span> <span class='ocrx_word' id='word_1_19' title='bbox 1445 257 1617 322; x_wconf 84' lang='grc' dir='ltr'><em>νόημα,</em></span> <span class='ocrx_word' id='word_1_20' title='bbox 1662 260 1846 306; x_wconf 84' lang='lat' dir='ltr'>nescire</span> 
     </span>
     <span class='ocr_line' id='line_1_4' title="bbox 178 331 1845 392; baseline 0.001 -15"><span class='ocrx_word' id='word_1_21' title='bbox 178 346 227 378; x_wconf 92' lang='lat' dir='ltr'>se</span> <span class='ocrx_word' id='word_1_22' title='bbox 266 331 478 392; x_wconf 85' lang='lat' dir='ltr'>quidem,</span> <span class='ocrx_word' id='word_1_23' title='bbox 519 331 603 379; x_wconf 89' lang='lat' dir='ltr'>sed</span> <span class='ocrx_word' id='word_1_24' title='bbox 641 331 682 377; x_wconf 88' lang='lat' dir='ltr'>si</span> <span class='ocrx_word' id='word_1_25' title='bbox 722 331 784 376; x_wconf 89' lang='lat' dir='ltr'>ad</span> <span class='ocrx_word' id='word_1_26' title='bbox 831 347 935 378; x_wconf 90' lang='lat' dir='ltr'>rem</span> <span class='ocrx_word' id='word_1_27' title='bbox 980 332 1260 392; x_wconf 71' lang='lat' dir='ltr'>pertineret,</span> <span class='ocrx_word' id='word_1_28' title='bbox 1307 347 1409 379; x_wconf 90' lang='lat' dir='ltr'>esse</span> <span class='ocrx_word' id='word_1_29' title='bbox 1455 333 1507 378; x_wconf 91' lang='lat' dir='ltr'>in</span> <span class='ocrx_word' id='word_1_30' title='bbox 1554 346 1642 379; x_wconf 89' lang='lat' dir='ltr'>sua</span> <span class='ocrx_word' id='word_1_31' title='bbox 1689 332 1845 380; x_wconf 89' lang='lat' dir='ltr'>decla-</span> 
     </span>
     <span class='ocr_line' id='line_1_5' title="bbox 115 404 1844 470; baseline -0.001 -17"><span class='ocrx_word' id='word_1_32' title='bbox 115 410 149 453; x_wconf 77' lang='lat'>2</span> <span class='ocrx_word' id='word_1_33' title='bbox 175 406 392 451; x_wconf 88' lang='lat' dir='ltr'>matione</span> <span class='ocrx_word' id='word_1_34' title='bbox 423 404 687 465; x_wconf 74' lang='lat' dir='ltr'>respondit.</span> <span class='ocrx_word' id='word_1_35' title='bbox 722 405 848 451; x_wconf 90' lang='lat' dir='ltr'>alius</span> <span class='ocrx_word' id='word_1_36' title='bbox 881 405 1191 470; x_wconf 69' lang='lat' dir='ltr'>percontanti</span> <span class='ocrx_word' id='word_1_37' title='bbox 1222 405 1530 452; x_wconf 88' lang='lat' dir='ltr'>Theodoreus</span> <span class='ocrx_word' id='word_1_38' title='bbox 1557 420 1620 451; x_wconf 89' lang='lat' dir='ltr'>an</span> <span class='ocrx_word' id='word_1_39' title='bbox 1644 404 1844 466; x_wconf 90' lang='lat' dir='ltr'>Apollo-</span> 
     </span>
     <span class='ocr_line' id='line_1_6' title="bbox 175 473 1910 540; baseline 0.002 -17"><span class='ocrx_word' id='word_1_40' title='bbox 175 478 349 524; x_wconf 90' lang='lat' dir='ltr'>doreus</span> <span class='ocrx_word' id='word_1_41' title='bbox 391 480 530 536; x_wconf 88' lang='lat' dir='ltr'>esset,</span> <span class='ocrx_word' id='word_1_42' title='bbox 557 473 683 540; x_wconf 80' lang='lat' dir='ltr'>‘ego&#39;</span> <span class='ocrx_word' id='word_1_43' title='bbox 710 476 873 538; x_wconf 89' lang='lat' dir='ltr'>inquit</span> <span class='ocrx_word' id='word_1_44' title='bbox 913 473 1258 538; x_wconf 76' lang='lat' dir='ltr'>‘parmularius</span> <span class='ocrx_word' id='word_1_45' title='bbox 1298 474 1440 526; x_wconf 89' lang='lat' dir='ltr'>sum&#39;.</span> <span class='ocrx_word' id='word_1_46' title='bbox 1481 494 1566 525; x_wconf 86' lang='lat' dir='ltr'>nec</span> <span class='ocrx_word' id='word_1_47' title='bbox 1607 494 1721 526; x_wconf 90' lang='lat' dir='ltr'>sane</span> <span class='ocrx_word' id='word_1_48' title='bbox 1760 494 1844 539; x_wconf 93' lang='lat' dir='ltr'>po-</span> <span class='ocrx_word' id='word_1_49' title='bbox 1892 496 1910 526; x_wconf 91' lang='lat'><strong>5</strong></span> 
     </span>
     <span class='ocr_line' id='line_1_7' title="bbox 175 551 1845 612; baseline 0.002 -16"><span class='ocrx_word' id='word_1_50' title='bbox 175 551 271 596; x_wconf 87' lang='lat' dir='ltr'>tuit</span> <span class='ocrx_word' id='word_1_51' title='bbox 325 551 562 598; x_wconf 89' lang='lat' dir='ltr'>urbanius</span> <span class='ocrx_word' id='word_1_52' title='bbox 619 566 673 597; x_wconf 82' lang='lat' dir='ltr'>ex</span> <span class='ocrx_word' id='word_1_53' title='bbox 722 551 1022 598; x_wconf 88' lang='lat' dir='ltr'>confessione</span> <span class='ocrx_word' id='word_1_54' title='bbox 1069 551 1294 598; x_wconf 82' lang='lat' dir='ltr'>inscitiae</span> <span class='ocrx_word' id='word_1_55' title='bbox 1345 567 1459 598; x_wconf 88' lang='lat' dir='ltr'>suae</span> <span class='ocrx_word' id='word_1_56' title='bbox 1508 551 1648 598; x_wconf 82' lang='lat' dir='ltr'>elabi.</span> <span class='ocrx_word' id='word_1_57' title='bbox 1699 567 1845 612; x_wconf 86' lang='lat' dir='ltr'>porro</span> 
     </span>
     <span class='ocr_line' id='line_1_8' title="bbox 173 623 1845 686; baseline 0.001 -17"><span class='ocrx_word' id='word_1_58' title='bbox 173 624 239 683; x_wconf 89' lang='lat' dir='ltr'>hi,</span> <span class='ocrx_word' id='word_1_59' title='bbox 272 625 389 685; x_wconf 89' lang='lat' dir='ltr'>quia</span> <span class='ocrx_word' id='word_1_60' title='bbox 414 626 462 670; x_wconf 93' lang='lat' dir='ltr'>et</span> <span class='ocrx_word' id='word_1_61' title='bbox 485 623 718 671; x_wconf 89' lang='lat' dir='ltr'>beneficio</span> <span class='ocrx_word' id='word_1_62' title='bbox 743 625 929 686; x_wconf 89' lang='lat' dir='ltr'>ingenii</span> <span class='ocrx_word' id='word_1_63' title='bbox 953 626 1258 685; x_wconf 83' lang='lat' dir='ltr'>praestantes</span> <span class='ocrx_word' id='word_1_64' title='bbox 1292 628 1405 672; x_wconf 90' lang='lat' dir='ltr'>sunt</span> <span class='ocrx_word' id='word_1_65' title='bbox 1435 625 1593 671; x_wconf 88' lang='lat' dir='ltr'>habiti</span> <span class='ocrx_word' id='word_1_66' title='bbox 1618 627 1666 671; x_wconf 91' lang='lat' dir='ltr'>et</span> <span class='ocrx_word' id='word_1_67' title='bbox 1689 625 1845 671; x_wconf 89' lang='lat' dir='ltr'>multa</span> 
     </span>
     <span class='ocr_line' id='line_1_9' title="bbox 174 697 1844 760; baseline 0.001 -18"><span class='ocrx_word' id='word_1_68' title='bbox 174 699 322 744; x_wconf 88' lang='lat' dir='ltr'>etiam</span> <span class='ocrx_word' id='word_1_69' title='bbox 361 698 597 745; x_wconf 86' lang='lat' dir='ltr'>memoria</span> <span class='ocrx_word' id='word_1_70' title='bbox 637 697 785 760; x_wconf 86' lang='lat' dir='ltr'>digna</span> <span class='ocrx_word' id='word_1_71' title='bbox 826 698 1240 757; x_wconf 78' lang='lat' dir='ltr'>exclamaverunt,</span> <span class='ocrx_word' id='word_1_72' title='bbox 1287 699 1524 758; x_wconf 71' lang='lat' dir='ltr'>plurimos</span> <span class='ocrx_word' id='word_1_73' title='bbox 1563 697 1745 745; x_wconf 86' lang='lat' dir='ltr'>habent</span> <span class='ocrx_word' id='word_1_74' title='bbox 1784 698 1844 744; x_wconf 89' lang='lat' dir='ltr'>si-</span> 
     </span>
     <span class='ocr_line' id='line_1_10' title="bbox 109 771 1846 834; baseline 0.001 -18"><span class='ocrx_word' id='word_1_75' title='bbox 109 780 145 824; x_wconf 75' lang='grc'><strong>3</strong></span> <span class='ocrx_word' id='word_1_76' title='bbox 173 771 312 817; x_wconf 86' lang='grc'><strong>1111133</strong></span> <span class='ocrx_word' id='word_1_77' title='bbox 338 772 677 833; x_wconf 85' lang='lat' dir='ltr'>neglegentiae</span> <span class='ocrx_word' id='word_1_78' title='bbox 710 786 840 829; x_wconf 86' lang='lat' dir='ltr'>suae,</span> <span class='ocrx_word' id='word_1_79' title='bbox 871 771 1190 832; x_wconf 88' lang='lat' dir='ltr'>paucissimos</span> <span class='ocrx_word' id='word_1_80' title='bbox 1215 774 1434 818; x_wconf 88' lang='lat' dir='ltr'>naturae.</span> <span class='ocrx_word' id='word_1_81' title='bbox 1473 771 1627 834; x_wconf 90' lang='lat' dir='ltr'>igitur</span> <span class='ocrx_word' id='word_1_82' title='bbox 1657 771 1846 832; x_wconf 89' lang='lat' dir='ltr'>impetu</span> 
     </span>
     <span class='ocr_line' id='line_1_11' title="bbox 174 843 1911 905; baseline 0.002 -15"><span class='ocrx_word' id='word_1_83' title='bbox 174 844 330 891; x_wconf 86' lang='lat' dir='ltr'>dicere</span> <span class='ocrx_word' id='word_1_84' title='bbox 374 859 422 890; x_wconf 88' lang='lat' dir='ltr'>se</span> <span class='ocrx_word' id='word_1_85' title='bbox 463 847 512 891; x_wconf 93' lang='lat' dir='ltr'>et</span> <span class='ocrx_word' id='word_1_86' title='bbox 550 843 735 890; x_wconf 86' lang='lat' dir='ltr'>viribus</span> <span class='ocrx_word' id='word_1_87' title='bbox 775 846 850 890; x_wconf 84' lang='lat' dir='ltr'>uti</span> <span class='ocrx_word' id='word_1_88' title='bbox 889 845 1184 905; x_wconf 85' lang='lat' dir='ltr'>gloriantur:</span> <span class='ocrx_word' id='word_1_89' title='bbox 1224 860 1379 905; x_wconf 89' lang='lat' dir='ltr'>neque</span> <span class='ocrx_word' id='word_1_90' title='bbox 1421 845 1549 892; x_wconf 89' lang='lat' dir='ltr'>enim</span> <span class='ocrx_word' id='word_1_91' title='bbox 1589 859 1710 905; x_wconf 89' lang='lat' dir='ltr'>opus</span> <span class='ocrx_word' id='word_1_92' title='bbox 1743 860 1843 892; x_wconf 89' lang='lat' dir='ltr'>esse</span> <span class='ocrx_word' id='word_1_93' title='bbox 1871 863 1911 894; x_wconf 89' lang='lat'>10</span> 
     </span>
     <span class='ocr_line' id='line_1_12' title="bbox 172 917 1845 980; baseline 0.001 -17"><span class='ocrx_word' id='word_1_94' title='bbox 172 917 461 978; x_wconf 83' lang='lat' dir='ltr'>probatione</span> <span class='ocrx_word' id='word_1_95' title='bbox 502 920 587 964; x_wconf 89' lang='lat' dir='ltr'>aut</span> <span class='ocrx_word' id='word_1_96' title='bbox 627 917 944 978; x_wconf 87' lang='lat' dir='ltr'>dispositione</span> <span class='ocrx_word' id='word_1_97' title='bbox 983 919 1035 964; x_wconf 93' lang='lat' dir='ltr'>in</span> <span class='ocrx_word' id='word_1_98' title='bbox 1073 919 1216 965; x_wconf 90' lang='lat' dir='ltr'>rebus</span> <span class='ocrx_word' id='word_1_99' title='bbox 1255 918 1395 980; x_wconf 86' lang='lat' dir='ltr'>fictis,</span> <span class='ocrx_word' id='word_1_100' title='bbox 1448 918 1544 977; x_wconf 81' lang='lat' dir='ltr'>sed,</span> <span class='ocrx_word' id='word_1_101' title='bbox 1592 918 1727 965; x_wconf 88' lang='lat' dir='ltr'>cuius</span> <span class='ocrx_word' id='word_1_102' title='bbox 1774 919 1845 965; x_wconf 92' lang='lat' dir='ltr'>rei</span> 
     </span>
     <span class='ocr_line' id='line_1_13' title="bbox 173 991 1845 1054; baseline 0.001 -18"><span class='ocrx_word' id='word_1_103' title='bbox 173 992 337 1053; x_wconf 88' lang='lat' dir='ltr'>gratia</span> <span class='ocrx_word' id='word_1_104' title='bbox 369 991 569 1052; x_wconf 91' lang='lat' dir='ltr'>plenum</span> <span class='ocrx_word' id='word_1_105' title='bbox 594 991 659 1037; x_wconf 90' lang='lat' dir='ltr'>sit</span> <span class='ocrx_word' id='word_1_106' title='bbox 685 991 997 1050; x_wconf 81' lang='lat' dir='ltr'>auditorium,</span> <span class='ocrx_word' id='word_1_107' title='bbox 1031 992 1284 1038; x_wconf 82' lang='lat' dir='ltr'>sententiis</span> <span class='ocrx_word' id='word_1_108' title='bbox 1318 992 1599 1054; x_wconf 86' lang='lat' dir='ltr'>grandibus,</span> <span class='ocrx_word' id='word_1_109' title='bbox 1639 1007 1845 1052; x_wconf 87' lang='lat' dir='ltr'>quarum</span> 
     </span>
     <span class='ocr_line' id='line_1_14' title="bbox 117 1065 1844 1127; baseline 0.001 -17"><span class='ocrx_word' id='word_1_110' title='bbox 117 1072 146 1117; x_wconf 82' lang='grc'>4</span> <span class='ocrx_word' id='word_1_111' title='bbox 173 1065 362 1124; x_wconf 87' lang='lat' dir='ltr'>optima</span> <span class='ocrx_word' id='word_1_112' title='bbox 402 1080 622 1126; x_wconf 86' lang='lat' dir='ltr'>quaeque</span> <span class='ocrx_word' id='word_1_113' title='bbox 665 1080 693 1110; x_wconf 87' lang='lat' dir='ltr'>a</span> <span class='ocrx_word' id='word_1_114' title='bbox 733 1065 949 1125; x_wconf 87' lang='lat' dir='ltr'>periculo</span> <span class='ocrx_word' id='word_1_115' title='bbox 989 1067 1202 1125; x_wconf 88' lang='lat' dir='ltr'>petatur.</span> <span class='ocrx_word' id='word_1_116' title='bbox 1257 1067 1374 1125; x_wconf 91' lang='lat' dir='ltr'>quin</span> <span class='ocrx_word' id='word_1_117' title='bbox 1421 1066 1570 1112; x_wconf 88' lang='lat' dir='ltr'>etiam</span> <span class='ocrx_word' id='word_1_118' title='bbox 1616 1066 1668 1110; x_wconf 90' lang='lat' dir='ltr'>in</span> <span class='ocrx_word' id='word_1_119' title='bbox 1716 1066 1844 1127; x_wconf 87' lang='lat' dir='ltr'>cogi-</span> 
     </span>
     <span class='ocr_line' id='line_1_15' title="bbox 171 1138 1841 1201; baseline 0 -17"><span class='ocrx_word' id='word_1_120' title='bbox 171 1138 321 1184; x_wconf 88' lang='lat' dir='ltr'>tando</span> <span class='ocrx_word' id='word_1_121' title='bbox 362 1138 499 1184; x_wconf 90' lang='lat' dir='ltr'>nulla</span> <span class='ocrx_word' id='word_1_122' title='bbox 538 1138 728 1185; x_wconf 90' lang='lat' dir='ltr'>ratione</span> <span class='ocrx_word' id='word_1_123' title='bbox 754 1138 975 1184; x_wconf 87' lang='lat' dir='ltr'>adhibita</span> <span class='ocrx_word' id='word_1_124' title='bbox 1002 1141 1087 1184; x_wconf 86' lang='lat' dir='ltr'>aut</span> <span class='ocrx_word' id='word_1_125' title='bbox 1125 1141 1309 1185; x_wconf 88' lang='lat' dir='ltr'>tectum</span> <span class='ocrx_word' id='word_1_126' title='bbox 1342 1138 1586 1185; x_wconf 84' lang='lat' dir='ltr'>intuentes</span> <span class='ocrx_word' id='word_1_127' title='bbox 1612 1154 1841 1201; x_wconf 89' lang='lat' dir='ltr'>magnum</span> 
     </span>
     <span class='ocr_line' id='line_1_16' title="bbox 172 1211 1909 1273; baseline 0.002 -16"><span class='ocrx_word' id='word_1_128' title='bbox 172 1211 374 1272; x_wconf 89' lang='lat' dir='ltr'>aliquid,</span> <span class='ocrx_word' id='word_1_129' title='bbox 415 1212 544 1272; x_wconf 90' lang='lat' dir='ltr'>quod</span> <span class='ocrx_word' id='word_1_130' title='bbox 576 1212 706 1258; x_wconf 88' lang='lat' dir='ltr'>ultro</span> <span class='ocrx_word' id='word_1_131' title='bbox 738 1227 787 1258; x_wconf 92' lang='lat' dir='ltr'>se</span> <span class='ocrx_word' id='word_1_132' title='bbox 821 1212 1007 1270; x_wconf 87' lang='lat' dir='ltr'>offerat,</span> <span class='ocrx_word' id='word_1_133' title='bbox 1045 1211 1267 1272; x_wconf 83' lang='lat' dir='ltr'>pluribus</span> <span class='ocrx_word' id='word_1_134' title='bbox 1300 1227 1442 1272; x_wconf 87' lang='lat' dir='ltr'>saepe</span> <span class='ocrx_word' id='word_1_135' title='bbox 1477 1212 1643 1259; x_wconf 87' lang='lat' dir='ltr'>diebus</span> <span class='ocrx_word' id='word_1_136' title='bbox 1676 1227 1842 1273; x_wconf 85' lang='lat' dir='ltr'>expec-</span> <span class='ocrx_word' id='word_1_137' title='bbox 1869 1229 1909 1261; x_wconf 84' lang='lat'>15</span> 
     </span>
     <span class='ocr_line' id='line_1_17' title="bbox 172 1285 1843 1344; baseline -0.001 -13"><span class='ocrx_word' id='word_1_138' title='bbox 172 1289 295 1344; x_wconf 88' lang='lat' dir='ltr'>tant,</span> <span class='ocrx_word' id='word_1_139' title='bbox 337 1287 422 1331; x_wconf 88' lang='lat' dir='ltr'>aut</span> <span class='ocrx_word' id='word_1_140' title='bbox 461 1301 708 1332; x_wconf 87' lang='lat' dir='ltr'>murmure</span> <span class='ocrx_word' id='word_1_141' title='bbox 748 1285 932 1332; x_wconf 86' lang='lat' dir='ltr'>incerto</span> <span class='ocrx_word' id='word_1_142' title='bbox 974 1286 1109 1332; x_wconf 86' lang='lat' dir='ltr'>velut</span> <span class='ocrx_word' id='word_1_143' title='bbox 1160 1286 1361 1332; x_wconf 81' lang='lat' dir='ltr'>classico</span> <span class='ocrx_word' id='word_1_144' title='bbox 1412 1286 1636 1333; x_wconf 86' lang='lat' dir='ltr'>instincti</span> <span class='ocrx_word' id='word_1_145' title='bbox 1686 1286 1843 1332; x_wconf 84' lang='lat' dir='ltr'>conci·</span> 
     </span>
     <span class='ocr_line' id='line_1_18' title="bbox 171 1358 1842 1419; baseline 0 -14"><span class='ocrx_word' id='word_1_146' title='bbox 171 1360 469 1406; x_wconf 86' lang='lat' dir='ltr'>tatissimum</span> <span class='ocrx_word' id='word_1_147' title='bbox 509 1359 724 1419; x_wconf 85' lang='lat' dir='ltr'>corporis</span> <span class='ocrx_word' id='word_1_148' title='bbox 763 1361 948 1405; x_wconf 90' lang='lat' dir='ltr'>motum</span> <span class='ocrx_word' id='word_1_149' title='bbox 990 1375 1087 1405; x_wconf 91' lang='lat' dir='ltr'>non</span> <span class='ocrx_word' id='word_1_150' title='bbox 1120 1358 1446 1417; x_wconf 86' lang='lat' dir='ltr'>enuntiandis,</span> <span class='ocrx_word' id='word_1_151' title='bbox 1486 1359 1569 1406; x_wconf 90' lang='lat' dir='ltr'>sed</span> <span class='ocrx_word' id='word_1_152' title='bbox 1611 1374 1842 1419; x_wconf 88' lang='lat' dir='ltr'>quaeren-</span> 
     </span>
     <span class='ocr_line' id='line_1_19' title="bbox 115 1432 1841 1494; baseline 0 -16"><span class='ocrx_word' id='word_1_153' title='bbox 115 1441 144 1484; x_wconf 82' lang='lat'><strong>5</strong></span> <span class='ocrx_word' id='word_1_154' title='bbox 171 1432 244 1478; x_wconf 91' lang='lat' dir='ltr'>dis</span> <span class='ocrx_word' id='word_1_155' title='bbox 284 1432 446 1479; x_wconf 83' lang='lat' dir='ltr'>verbis</span> <span class='ocrx_word' id='word_1_156' title='bbox 487 1432 866 1479; x_wconf 87' lang='lat' dir='ltr'>accommodant.</span> <span class='ocrx_word' id='word_1_157' title='bbox 920 1432 1145 1478; x_wconf 89' lang='lat' dir='ltr'>nonnulli</span> <span class='ocrx_word' id='word_1_158' title='bbox 1184 1435 1317 1480; x_wconf 84' lang='lat' dir='ltr'>certa</span> <span class='ocrx_word' id='word_1_159' title='bbox 1356 1432 1448 1479; x_wconf 89' lang='lat' dir='ltr'>sibi</span> <span class='ocrx_word' id='word_1_160' title='bbox 1487 1433 1646 1494; x_wconf 86' lang='lat' dir='ltr'>init-ia,</span> <span class='ocrx_word' id='word_1_161' title='bbox 1685 1433 1841 1492; x_wconf 89' lang='lat' dir='ltr'>prius-</span> 
     </span>
     <span class='ocr_line' id='line_1_20' title="bbox 173 1505 1844 1566; baseline -0.001 -14"><span class='ocrx_word' id='word_1_162' title='bbox 173 1521 318 1566; x_wconf 88' lang='lat' dir='ltr'>quam</span> <span class='ocrx_word' id='word_1_163' title='bbox 359 1521 552 1552; x_wconf 90' lang='lat' dir='ltr'>sensum</span> <span class='ocrx_word' id='word_1_164' title='bbox 590 1506 881 1564; x_wconf 84' lang='lat' dir='ltr'>invenerint,</span> <span class='ocrx_word' id='word_1_165' title='bbox 921 1505 1184 1565; x_wconf 88' lang='lat' dir='ltr'>destinant,</span> <span class='ocrx_word' id='word_1_166' title='bbox 1231 1505 1405 1566; x_wconf 86' lang='lat' dir='ltr'>quibus</span> <span class='ocrx_word' id='word_1_167' title='bbox 1447 1505 1633 1566; x_wconf 83' lang='lat' dir='ltr'>aliquid</span> <span class='ocrx_word' id='word_1_168' title='bbox 1673 1505 1844 1552; x_wconf 86' lang='lat' dir='ltr'>diserti</span> 
     </span>
     <span class='ocr_line' id='line_1_21' title="bbox 171 1578 1909 1642; baseline 0.001 -16"><span class='ocrx_word' id='word_1_169' title='bbox 171 1579 561 1642; x_wconf 85' lang='lat' dir='ltr'>subiungendum</span> <span class='ocrx_word' id='word_1_170' title='bbox 604 1580 689 1626; x_wconf 93' lang='lat' dir='ltr'>sit:</span> <span class='ocrx_word' id='word_1_171' title='bbox 730 1595 884 1639; x_wconf 90' lang='lat' dir='ltr'>eaque</span> <span class='ocrx_word' id='word_1_172' title='bbox 924 1578 1007 1625; x_wconf 90' lang='lat' dir='ltr'>diu</span> <span class='ocrx_word' id='word_1_173' title='bbox 1047 1594 1208 1626; x_wconf 86' lang='lat' dir='ltr'>secum</span> <span class='ocrx_word' id='word_1_174' title='bbox 1247 1580 1345 1640; x_wconf 87' lang='lat' dir='ltr'>ipsi</span> <span class='ocrx_word' id='word_1_175' title='bbox 1368 1580 1592 1641; x_wconf 84' lang='lat' dir='ltr'>clareque</span> <span class='ocrx_word' id='word_1_176' title='bbox 1617 1579 1909 1628; x_wconf 65' lang='grc'><strong>1113111131130</strong></span> 
     </span>
     <span class='ocr_line' id='line_1_22' title="bbox 171 1651 1841 1713; baseline 0.001 -14"><span class='ocrx_word' id='word_1_177' title='bbox 171 1652 429 1713; x_wconf 88' lang='lat' dir='ltr'>desperata</span> <span class='ocrx_word' id='word_1_178' title='bbox 463 1651 743 1700; x_wconf 89' lang='lat' dir='ltr'>conectendi</span> <span class='ocrx_word' id='word_1_179' title='bbox 779 1652 1014 1700; x_wconf 83' lang='lat' dir='ltr'>facultate</span> <span class='ocrx_word' id='word_1_180' title='bbox 1048 1653 1278 1699; x_wconf 89' lang='lat' dir='ltr'>deserunt</span> <span class='ocrx_word' id='word_1_181' title='bbox 1310 1656 1358 1699; x_wconf 95' lang='lat' dir='ltr'>et</span> <span class='ocrx_word' id='word_1_182' title='bbox 1392 1653 1452 1699; x_wconf 88' lang='lat' dir='ltr'>ad</span> <span class='ocrx_word' id='word_1_183' title='bbox 1485 1653 1584 1700; x_wconf 88' lang='lat' dir='ltr'>alia</span> <span class='ocrx_word' id='word_1_184' title='bbox 1616 1652 1841 1713; x_wconf 86' lang='lat' dir='ltr'>deinceps</span> 
     </span>
     <span class='ocr_line' id='line_1_23' title="bbox 172 1726 1840 1787; baseline -0.001 -14"><span class='ocrx_word' id='word_1_185' title='bbox 172 1730 322 1787; x_wconf 86' lang='lat' dir='ltr'>atque</span> <span class='ocrx_word' id='word_1_186' title='bbox 361 1726 473 1773; x_wconf 92' lang='lat' dir='ltr'>inde</span> <span class='ocrx_word' id='word_1_187' title='bbox 514 1726 612 1774; x_wconf 88' lang='lat' dir='ltr'>alia</span> <span class='ocrx_word' id='word_1_188' title='bbox 651 1742 749 1773; x_wconf 92' lang='lat' dir='ltr'>non</span> <span class='ocrx_word' id='word_1_189' title='bbox 788 1728 949 1773; x_wconf 91' lang='lat' dir='ltr'>minus</span> <span class='ocrx_word' id='word_1_190' title='bbox 991 1727 1270 1773; x_wconf 90' lang='lat' dir='ltr'>communia</span> <span class='ocrx_word' id='word_1_191' title='bbox 1318 1742 1373 1773; x_wconf 87' lang='lat' dir='ltr'>ac</span> <span class='ocrx_word' id='word_1_192' title='bbox 1411 1728 1530 1773; x_wconf 88' lang='lat' dir='ltr'>nota</span> <span class='ocrx_word' id='word_1_193' title='bbox 1569 1726 1840 1773; x_wconf 80' lang='lat' dir='ltr'>devertunt.</span> 
     </span>
     <span class='ocr_line' id='line_1_24' title="bbox 113 1799 1840 1861; baseline 0 -15"><span class='ocrx_word' id='word_1_194' title='bbox 113 1808 142 1851; x_wconf 90' lang='grc'><strong>6</strong></span> <span class='ocrx_word' id='word_1_195' title='bbox 173 1802 255 1860; x_wconf 87' lang='lat' dir='ltr'>qui</span> <span class='ocrx_word' id='word_1_196' title='bbox 310 1800 577 1861; x_wconf 86' lang='lat' dir='ltr'>plurimum</span> <span class='ocrx_word' id='word_1_197' title='bbox 615 1800 848 1847; x_wconf 83' lang='lat' dir='ltr'>videntur</span> <span class='ocrx_word' id='word_1_198' title='bbox 901 1799 1079 1847; x_wconf 87' lang='lat' dir='ltr'>habere</span> <span class='ocrx_word' id='word_1_199' title='bbox 1135 1801 1357 1859; x_wconf 87' lang='lat' dir='ltr'>rationis,</span> <span class='ocrx_word' id='word_1_200' title='bbox 1420 1815 1515 1848; x_wconf 91' lang='lat' dir='ltr'>non</span> <span class='ocrx_word' id='word_1_201' title='bbox 1569 1800 1618 1846; x_wconf 92' lang='lat' dir='ltr'>in</span> <span class='ocrx_word' id='word_1_202' title='bbox 1670 1815 1840 1847; x_wconf 87' lang='lat' dir='ltr'>causas</span> 
     </span>
     <span class='ocr_line' id='line_1_25' title="bbox 169 1873 1839 1935; baseline 0.001 -16"><span class='ocrx_word' id='word_1_203' title='bbox 169 1878 335 1920; x_wconf 83' lang='lat' dir='ltr'>tamen</span> <span class='ocrx_word' id='word_1_204' title='bbox 375 1874 591 1920; x_wconf 86' lang='lat' dir='ltr'>laborem</span> <span class='ocrx_word' id='word_1_205' title='bbox 634 1889 788 1931; x_wconf 86' lang='lat' dir='ltr'>suum,</span> <span class='ocrx_word' id='word_1_206' title='bbox 828 1873 910 1920; x_wconf 89' lang='lat' dir='ltr'>sed</span> <span class='ocrx_word' id='word_1_207' title='bbox 950 1875 1000 1919; x_wconf 89' lang='lat' dir='ltr'>in</span> <span class='ocrx_word' id='word_1_208' title='bbox 1040 1874 1171 1920; x_wconf 90' lang='lat' dir='ltr'>locos</span> <span class='ocrx_word' id='word_1_209' title='bbox 1210 1873 1487 1932; x_wconf 90' lang='lat' dir='ltr'>intendunt,</span> <span class='ocrx_word' id='word_1_210' title='bbox 1527 1876 1672 1935; x_wconf 89' lang='lat' dir='ltr'>atque</span> <span class='ocrx_word' id='word_1_211' title='bbox 1697 1874 1747 1919; x_wconf 89' lang='lat' dir='ltr'>in</span> <span class='ocrx_word' id='word_1_212' title='bbox 1779 1873 1839 1920; x_wconf 89' lang='lat' dir='ltr'>iis</span> 
     </span>
     <span class='ocr_line' id='line_1_26' title="bbox 170 1947 1904 2008; baseline 0.002 -16"><span class='ocrx_word' id='word_1_213' title='bbox 170 1962 266 1993; x_wconf 92' lang='lat' dir='ltr'>non</span> <span class='ocrx_word' id='word_1_214' title='bbox 306 1948 498 2007; x_wconf 84' lang='lat' dir='ltr'>corpori</span> <span class='ocrx_word' id='word_1_215' title='bbox 543 1947 870 2008; x_wconf 86' lang='lat' dir='ltr'>prospiciunt,</span> <span class='ocrx_word' id='word_1_216' title='bbox 925 1947 1008 1993; x_wconf 88' lang='lat' dir='ltr'>sed</span> <span class='ocrx_word' id='word_1_217' title='bbox 1055 1947 1267 2007; x_wconf 86' lang='lat' dir='ltr'>abrupta</span> <span class='ocrx_word' id='word_1_218' title='bbox 1313 1947 1567 2007; x_wconf 78' lang='lat' dir='ltr'>qua-edam,</span> <span class='ocrx_word' id='word_1_219' title='bbox 1613 1949 1669 1993; x_wconf 92' lang='lat' dir='ltr'>ut</span> <span class='ocrx_word' id='word_1_220' title='bbox 1714 1947 1838 1993; x_wconf 87' lang='lat' dir='ltr'>forte</span> <span class='ocrx_word' id='word_1_221' title='bbox 1864 1964 1904 1995; x_wconf 76' lang='lat'>‘25</span> 
     </span>
     <span class='ocr_line' id='line_1_27' title="bbox 118 2020 1839 2079; baseline 0.001 -13"><span class='ocrx_word' id='word_1_222' title='bbox 118 2029 140 2070; x_wconf 78' lang='grc'>7</span> <span class='ocrx_word' id='word_1_223' title='bbox 171 2021 230 2066; x_wconf 90' lang='lat' dir='ltr'>ad</span> <span class='ocrx_word' id='word_1_224' title='bbox 271 2036 469 2066; x_wconf 88' lang='lat' dir='ltr'>manum</span> <span class='ocrx_word' id='word_1_225' title='bbox 510 2036 699 2079; x_wconf 84' lang='lat' dir='ltr'>venere,</span> <span class='ocrx_word' id='word_1_226' title='bbox 739 2021 1030 2067; x_wconf 84' lang='lat' dir='ltr'>iaculantur.</span> <span class='ocrx_word' id='word_1_227' title='bbox 1070 2020 1197 2067; x_wconf 91' lang='lat' dir='ltr'>unde</span> <span class='ocrx_word' id='word_1_228' title='bbox 1237 2020 1292 2066; x_wconf 91' lang='lat' dir='ltr'>fit</span> <span class='ocrx_word' id='word_1_229' title='bbox 1329 2023 1386 2067; x_wconf 94' lang='lat' dir='ltr'>ut</span> <span class='ocrx_word' id='word_1_230' title='bbox 1425 2020 1662 2067; x_wconf 81' lang='lat' dir='ltr'>dissoluta</span> <span class='ocrx_word' id='word_1_231' title='bbox 1694 2023 1743 2067; x_wconf 91' lang='lat' dir='ltr'>et</span> <span class='ocrx_word' id='word_1_232' title='bbox 1783 2035 1839 2067; x_wconf 82' lang='lat' dir='ltr'>ex</span> 
     </span>
     <span class='ocr_line' id='line_1_28' title="bbox 170 2094 1839 2156; baseline 0 -16"><span class='ocrx_word' id='word_1_233' title='bbox 170 2094 374 2141; x_wconf 85' lang='lat' dir='ltr'>diversis</span> <span class='ocrx_word' id='word_1_234' title='bbox 415 2096 646 2156; x_wconf 86' lang='lat' dir='ltr'>congesta</span> <span class='ocrx_word' id='word_1_235' title='bbox 686 2095 844 2140; x_wconf 89' lang='lat' dir='ltr'>oratio</span> <span class='ocrx_word' id='word_1_236' title='bbox 878 2094 1133 2140; x_wconf 88' lang='lat' dir='ltr'>cohaerere</span> <span class='ocrx_word' id='word_1_237' title='bbox 1165 2109 1261 2140; x_wconf 91' lang='lat' dir='ltr'>non</span> <span class='ocrx_word' id='word_1_238' title='bbox 1292 2095 1448 2154; x_wconf 88' lang='lat' dir='ltr'>possit</span> <span class='ocrx_word' id='word_1_239' title='bbox 1479 2094 1749 2155; x_wconf 87' lang='lat' dir='ltr'>similisque</span> <span class='ocrx_word' id='word_1_240' title='bbox 1774 2095 1839 2140; x_wconf 92' lang='lat' dir='ltr'>sit</span> 
     </span>
     <span class='ocr_line' id='line_1_29' title="bbox 170 2166 1837 2227; baseline 0 -13"><span class='ocrx_word' id='word_1_241' title='bbox 170 2169 532 2214; x_wconf 86' lang='lat' dir='ltr'>commentariis</span> <span class='ocrx_word' id='word_1_242' title='bbox 572 2183 848 2227; x_wconf 88' lang='lat' dir='ltr'>puerorum,</span> <span class='ocrx_word' id='word_1_243' title='bbox 887 2169 937 2213; x_wconf 92' lang='lat' dir='ltr'>in</span> <span class='ocrx_word' id='word_1_244' title='bbox 980 2182 1101 2227; x_wconf 86' lang='lat' dir='ltr'>quos</span> <span class='ocrx_word' id='word_1_245' title='bbox 1141 2183 1211 2226; x_wconf 90' lang='lat' dir='ltr'>ea,</span> <span class='ocrx_word' id='word_1_246' title='bbox 1251 2183 1374 2227; x_wconf 89' lang='lat' dir='ltr'>quae</span> <span class='ocrx_word' id='word_1_247' title='bbox 1415 2168 1525 2214; x_wconf 87' lang='lat' dir='ltr'>aliis</span> <span class='ocrx_word' id='word_1_248' title='bbox 1565 2166 1837 2214; x_wconf 86' lang='lat' dir='ltr'>declaman-</span> 
     </span>
     <span class='ocr_line' id='line_1_30' title="bbox 168 2241 1839 2304; baseline 0.001 -18"><span class='ocrx_word' id='word_1_249' title='bbox 168 2241 301 2288; x_wconf 85' lang='lat' dir='ltr'>tibus</span> <span class='ocrx_word' id='word_1_250' title='bbox 341 2241 547 2288; x_wconf 86' lang='lat' dir='ltr'>laudata</span> <span class='ocrx_word' id='word_1_251' title='bbox 586 2244 713 2299; x_wconf 90' lang='lat' dir='ltr'>sunt,</span> <span class='ocrx_word' id='word_1_252' title='bbox 752 2243 996 2303; x_wconf 85' lang='lat' dir='ltr'>regerunt.</span> <span class='ocrx_word' id='word_1_253' title='bbox 1035 2256 1239 2304; x_wconf 88' lang='lat' dir='ltr'>magnas</span> <span class='ocrx_word' id='word_1_254' title='bbox 1278 2244 1439 2288; x_wconf 86' lang='lat' dir='ltr'>tamen</span> <span class='ocrx_word' id='word_1_255' title='bbox 1483 2243 1750 2288; x_wconf 89' lang='lat' dir='ltr'>sententias</span> <span class='ocrx_word' id='word_1_256' title='bbox 1790 2243 1839 2287; x_wconf 91' lang='lat' dir='ltr'>et</span> 
     </span>
     <span class='ocr_line' id='line_1_31' title="bbox 167 2309 1902 2379; baseline 0.001 -19"><span class='ocrx_word' id='word_1_257' title='bbox 167 2330 243 2362; x_wconf 91' lang='lat' dir='ltr'>res</span> <span class='ocrx_word' id='word_1_258' title='bbox 282 2314 434 2361; x_wconf 87' lang='lat' dir='ltr'>bonas</span> <span class='ocrx_word' id='word_1_259' title='bbox 475 2309 571 2378; x_wconf 83' lang='lat' dir='ltr'>(ita</span> <span class='ocrx_word' id='word_1_260' title='bbox 612 2316 741 2360; x_wconf 90' lang='lat' dir='ltr'>enim</span> <span class='ocrx_word' id='word_1_261' title='bbox 780 2313 984 2376; x_wconf 83' lang='lat' dir='ltr'>gloriari</span> <span class='ocrx_word' id='word_1_262' title='bbox 1015 2309 1197 2379; x_wconf 85' lang='lat' dir='ltr'>solent)</span> <span class='ocrx_word' id='word_1_263' title='bbox 1238 2314 1447 2361; x_wconf 89' lang='lat' dir='ltr'>elidunt:</span> <span class='ocrx_word' id='word_1_264' title='bbox 1486 2329 1600 2360; x_wconf 87' lang='lat' dir='ltr'>nam</span> <span class='ocrx_word' id='word_1_265' title='bbox 1641 2320 1688 2361; x_wconf 85' lang='lat' dir='ltr'>et</span> <span class='ocrx_word' id='word_1_266' title='bbox 1727 2314 1836 2361; x_wconf 85' lang='lat' dir='ltr'>bar-</span> <span class='ocrx_word' id='word_1_267' title='bbox 1861 2332 1902 2364; x_wconf 83' lang='lat'>30</span> 
     </span>
     <span class='ocr_line' id='line_1_32' title="bbox 167 2387 1835 2447; baseline 0.001 -14"><span class='ocrx_word' id='word_1_268' title='bbox 167 2387 274 2434; x_wconf 84' lang='lat' dir='ltr'>bari</span> <span class='ocrx_word' id='word_1_269' title='bbox 314 2390 362 2435; x_wconf 91' lang='lat' dir='ltr'>et</span> <span class='ocrx_word' id='word_1_270' title='bbox 402 2390 542 2446; x_wconf 85' lang='lat' dir='ltr'>servi,</span> <span class='ocrx_word' id='word_1_271' title='bbox 591 2391 651 2447; x_wconf 91' lang='lat' dir='ltr'>et,</span> <span class='ocrx_word' id='word_1_272' title='bbox 693 2388 732 2435; x_wconf 88' lang='grc'>31</span> <span class='ocrx_word' id='word_1_273' title='bbox 771 2388 862 2435; x_wconf 86' lang='lat' dir='ltr'>hoo</span> <span class='ocrx_word' id='word_1_274' title='bbox 901 2391 979 2434; x_wconf 88' lang='lat' dir='ltr'>sat</span> <span class='ocrx_word' id='word_1_275' title='bbox 1017 2391 1105 2447; x_wconf 89' lang='lat' dir='ltr'>est,</span> <span class='ocrx_word' id='word_1_276' title='bbox 1152 2388 1291 2434; x_wconf 85' lang='lat' dir='ltr'>nulla</span> <span class='ocrx_word' id='word_1_277' title='bbox 1337 2390 1410 2436; x_wconf 89' lang='lat' dir='ltr'>est</span> <span class='ocrx_word' id='word_1_278' title='bbox 1456 2388 1582 2435; x_wconf 91' lang='lat' dir='ltr'>ratio</span> <span class='ocrx_word' id='word_1_279' title='bbox 1631 2388 1835 2435; x_wconf 89' lang='lat' dir='ltr'>dicendi.</span> 
     </span>
    </p>
   </div>
   <div class='ocr_carea' id='block_1_3' title="bbox 376 2554 1840 2614">
    <p class='ocr_par' dir='ltr' id='par_1_3' title="bbox 376 2554 1840 2614">
     <span class='ocr_line' id='line_1_33' title="bbox 376 2554 1840 2614; baseline 0 -15"><span class='ocrx_word' id='word_1_280' title='bbox 376 2554 515 2614; x_wconf 85' lang='grc' dir='ltr'>όημα]</span> <span class='ocrx_word' id='word_1_281' title='bbox 550 2557 735 2613; x_wconf 87' lang='lat' dir='ltr'>enigma</span> <span class='ocrx_word' id='word_1_282' title='bbox 895 2562 919 2600; x_wconf 80' lang='lat'>5</span> <span class='ocrx_word' id='word_1_283' title='bbox 944 2555 1252 2612; x_wconf 87' lang='lat' dir='ltr'>parmularius</span> <span class='ocrx_word' id='word_1_284' title='bbox 1285 2557 1403 2614; x_wconf 90' lang='lat' dir='ltr'>sum]</span> <span class='ocrx_word' id='word_1_285' title='bbox 1437 2556 1762 2612; x_wconf 85' lang='lat' dir='ltr'>parmuliarius</span> <span class='ocrx_word' id='word_1_286' title='bbox 1795 2565 1840 2599; x_wconf 85' lang='lat' dir='ltr'><em>B</em></span> 
     </span>
    </p>
   </div>
   <div class='ocr_carea' id='block_1_4' title="bbox 343 2560 1652 2823">
    <p class='ocr_par' dir='ltr' id='par_1_4' title="bbox 343 2560 1652 2823">
     <span class='ocr_line' id='line_1_34' title="bbox 343 2560 1652 2823; baseline 0.002 -166"><span class='ocrx_word' id='word_1_287' title='bbox 343 2573 440 2670; x_wconf 51' lang='lat' dir='ltr'>gui</span> <span class='ocrx_word' id='word_1_288' title='bbox 455 2624 491 2657; x_wconf 68' lang='grc' dir='ltr'>ι</span> <span class='ocrx_word' id='word_1_289' title='bbox 614 2621 669 2659; x_wconf 75' lang='lat'>24</span> <span class='ocrx_word' id='word_1_290' title='bbox 701 2560 876 2823; x_wconf 50' lang='grc' dir='ltr'><strong>11ιὲ11]</strong></span> <span class='ocrx_word' id='word_1_291' title='bbox 910 2618 1093 2658; x_wconf 90' lang='lat' dir='ltr'>tantum</span> <span class='ocrx_word' id='word_1_292' title='bbox 1125 2624 1168 2658; x_wconf 88' lang='lat' dir='ltr'><strong><em>P</em></strong></span> <span class='ocrx_word' id='word_1_293' title='bbox 1195 2617 1397 2671; x_wconf 74' lang='lat' dir='ltr'>speciose,</span> <span class='ocrx_word' id='word_1_294' title='bbox 1430 2617 1504 2660; x_wconf 76' lang='lat' dir='ltr'>sed</span> <span class='ocrx_word' id='word_1_295' title='bbox 1533 2617 1652 2669; x_wconf 81' lang='lat' dir='ltr'>falso</span> 
     </span>
    </p>
   </div>
  </div>
 </body>
</html>
