2012 3151
192 71 298 123 346
685 72 1056 125 QVINTILIANI
1085 74 1236 118 INST.
1271 75 1363 119 ΟΒ.

193 211 324 273 quod
362 211 418 259 fit
456 214 614 260 totum
662 211 902 274 fingendis
950 217 1036 260 aut
1080 216 1260 260 nostris
1308 218 1394 261 aut
1441 215 1612 263 alienis
1658 231 1857 277 persua-

98 287 164 331 90
189 285 404 334 sionibus
444 288 531 332 aut
569 285 786 345 dicendo,
826 286 955 347 quod
994 286 1101 334 fieri
1131 303 1229 335 non
1260 291 1435 349 potest.
1476 288 1689 335 alienam
1719 288 1859 336 finxit

187 359 325 417 Iuba,
377 358 461 419 qui
500 360 739 419 querenti,
791 359 924 420 quod
972 360 1031 406 ab
1072 376 1195 420 equo
1237 363 1380 422 sputo
1421 364 1546 408 esset
1585 362 1859 422 adspersus,

191 428 360 493 ‘quid‘.>
429 427 520 490 tu',
569 431 746 492 inquit,
799 429 894 478 ‘me
945 431 1400 493 Hippocentaurum
1452 438 1596 495 putas
1614 429 1656 480 ‘?'
1719 449 1858 482 suam

191 503 239 551 C.
284 504 491 564 Cassius,
532 506 616 565 qui
653 505 803 552 militi
842 506 945 552 sine
986 506 1151 567 gladio
1193 506 1494 554 decurrenti:
1537 504 1688 568 ‘heus,
1728 523 1857 555 com-

189 578 362 637 milito,
402 593 566 639 pugno
606 578 726 625 bene
764 575 953 638 uteris’,
999 580 1177 640 inquit.
1219 583 1267 627 et
1306 579 1477 626 Gabba
1524 581 1583 627 de
1629 581 1858 642 piscibus,

189 653 274 711 qui
313 666 422 698 cum
461 651 618 711 pridie
659 668 715 698 ex
754 655 893 712 parte
934 651 1068 699 adesi
1107 657 1155 700 et
1194 655 1376 700 versati
1422 660 1618 714 postera
1657 654 1735 701 die
1774 654 1857 701 ad-

186 724 336 785 positi
374 727 557 771 essent:
599 720 917 784 ‘festinemus,
958 726 1046 772 alii
1085 723 1386 787 subcenant',
1432 727 1608 788 inquit.
1656 727 1859 774 tertium

186 797 309 843 illud
350 796 531 858 Cicero,
579 801 634 844 ut
673 799 789 858 dixi,
837 799 1069 847 adversus
1120 798 1342 859 Curium,
1396 799 1502 847 fieri
1554 801 1683 847 enim
1730 804 1858 848 certe

97 871 158 914 91
186 886 283 917 non
322 874 530 931 poterat,
569 874 628 917 ut
667 871 962 919 declamaret
1001 876 1049 920 et
1087 876 1232 920 natus
1272 889 1370 920 non
1410 877 1545 920 esset.
1587 877 1660 921 est
1692 877 1741 920 et
1770 874 1859 920 illa

188 961 244 991 ex
283 946 444 991 ironia
482 944 630 1004 fictio,
672 961 767 1005 qua
806 960 921 992 usus
963 950 1035 994 est
1077 946 1125 993 C.
1167 945 1359 993 Caesar.
1415 963 1528 994 nam
1570 963 1680 994 cum
1718 948 1858 994 testis

188 1018 383 1077 diceret,
424 1033 453 1064 a
483 1034 565 1065 reo
605 1020 789 1065 femina
829 1034 918 1066 sua
956 1020 1084 1067 ferro
1124 1022 1294 1080 petita,
1335 1024 1382 1067 et
1424 1024 1548 1067 esset
1586 1020 1746 1068 facilis
1786 1037 1858 1068 re-

186 1092 459 1152 prehensio,
500 1107 586 1138 cur
624 1092 764 1139 illam
793 1094 1105 1153 potissimum
1137 1097 1324 1153 partem
1360 1096 1575 1155 corporis
1600 1094 1859 1142 vulnerare

187 1165 442 1213 voluisset:
484 1161 622 1226 ‘quid
662 1167 792 1212 enim
830 1162 1047 1226 faeeret',
1095 1167 1269 1227 inquit,
1312 1161 1441 1213 ‘cum
1479 1171 1534 1214 tu
1573 1167 1765 1230 galeam
1812 1171 1861 1214 et

99 1238 160 1281 92
187 1239 390 1285 loricam
429 1235 685 1286 haberes?
739 1240 819 1286 vel
859 1240 1047 1300 optima
1087 1243 1159 1287 est
1198 1240 1449 1287 simulatio
1496 1244 1664 1288 contra
1712 1241 1858 1288 simu·
1885 1257 1925 1288 15

185 1313 385 1370 lantem,
433 1313 592 1373 qualis
631 1313 719 1359 illa
758 1313 967 1360 Domitii
1005 1313 1115 1359 Afri
1146 1314 1254 1360 fuit.
1296 1317 1435 1361 vetus
1468 1313 1679 1361 habebat
1710 1316 1860 1362 testa-

185 1390 419 1445 mentum,
462 1390 509 1432 et
547 1401 672 1434 unus
714 1403 769 1433 ex
811 1389 980 1434 31111013
1019 1387 1386 1446 recentioribus,
1433 1402 1632 1449 sperans
1673 1387 1861 1449 aliquid

186 1474 243 1505 ex
282 1461 553 1506 mutatione
592 1460 889 1520 tabularum,
928 1461 1103 1508 falsam
1144 1460 1360 1507 fabulam
1401 1461 1650 1520 intulerat,
1690 1476 1859 1508 consu—

186 1533 291 1579 lens
333 1549 456 1592 eum,
499 1549 560 1580 an
600 1534 897 1594 primipilari
937 1536 1040 1581 seni
1079 1535 1179 1580 iam
1218 1538 1399 1581 testato
1432 1549 1600 1581 rursus
1634 1534 1859 1581 suaderet

187 1605 412 1653 ordinare
453 1622 678 1667 suprema
724 1607 929 1654 iudicia:
979 1604 1134 1666 ‘noli',
1182 1608 1356 1668 inquit,
1406 1603 1604 1667 ‘facere3
1656 1608 1858 1656 offendis
1884 1625 1925 1655 20

185 1675 361 1726 illum’.

96 1752 160 1796 93
298 1753 659 1801 Iucundissima
698 1758 810 1802 sunt
850 1758 1016 1801 autem
1057 1771 1113 1802 ex
1152 1755 1226 1802 1113
1268 1755 1491 1802 omnibus
1531 1756 1662 1802 lenia
1703 1758 1764 1813 et,
1803 1758 1859 1802 ut

186 1829 255 1874 sic
295 1827 513 1886 dixerim,
552 1827 667 1874 boni
708 1829 969 1876 stomachi:
1018 1831 1075 1875 ut
1112 1828 1233 1875 Afer
1272 1828 1400 1875 idem
1446 1830 1642 1891 ingrato
1692 1829 1858 1892 litiga-

185 1901 281 1947 tori
321 1904 632 1962 conspectum
673 1903 776 1949 eius
816 1903 867 1948 in
921 1903 1027 1949 foro
1079 1902 1259 1949 vitanti
1309 1919 1395 1963 per
1445 1902 1858 1949 nomenclatorem

184 1973 388 2021 missum
428 1974 489 2021 ad
529 1991 658 2022 eum:
703 1971 856 2022 ‘amas
896 1971 1007 2034 me',
1059 1975 1235 2037 inquit,
1288 1972 1438 2037 ‘quod
1476 1980 1523 2023 te
1564 1992 1661 2023 non
1701 1971 1856 2022 vidiP'
1883 1991 1924 2022 25

187 2051 234 2094 et
275 2048 616 2109 dispensatori,
669 2051 753 2109 qui
805 2065 914 2096 cum
964 2050 1156 2110 reliqua
1204 2065 1301 2096 non
1346 2053 1618 2109 reponeret,
1666 2048 1859 2096 dicebat

185 2121 387 2168 subinde
430 2118 544 2169 ‘non
585 2123 792 2181 comedi,
848 2139 972 2183 pane
1014 2127 1061 2170 et
1101 2139 1229 2184 aqua
1269 2119 1424 2170 vivo':
1481 2119 1668 2184 ‘passer
1713 2123 1857 2170 redde

97 2190 160 2235 94
187 2196 316 2256 quod
358 2193 536 2243 debes’.
577 2212 700 2257 quae
743 2193 778 2257 ἦ*
810 2195 906 2244 «ὑπὸ
948 2196 998 2244 τὸ
1034 2190 1158 2259 ἦθος
1184 2200 1375 2244 vocant.
1418 2200 1489 2244 est
1514 2199 1684 2258 gratus
1709 2196 1858 2256 iocus,

306 2341 329 2378 2
364 2335 564 2380 alienam
596 2345 693 2380 AG:
728 2337 881 2379 aliena
915 2345 1043 2379 Pru
1161 2342 1185 2378 3
1220 2339 1354 2392 sputo
1389 2345 1483 2378 Pr:
1519 2350 1600 2379 suo
1636 2353 1658 2376 ’κ
1692 2344 1728 2377 A
1753 2350 1857 2379 suos

189 2404 224 2436 G
250 2410 318 2438 om
346 2403 396 2437 J!
512 2402 536 2438 4
564 2409 694 2438 suam
720 2396 884 2439 Halm.-
903 2409 985 2438 sua
1093 2401 1116 2438 6
1145 2395 1307 2439 Gabba
1336 2397 1595 2439 Buecheler:
1621 2394 1769 2438 Galba

188 2459 210 2496 7
245 2454 399 2497 adusti
426 2462 595 2497 PYGJI
713 2460 766 2497 10
801 2455 1081 2497 declamaret
1107 2458 1152 2497 et
1177 2463 1271 2496 Pr:
1307 2469 1409 2497 cum
1428 2454 1707 2497 declamaret
1731 2461 1863 2496 ΛΕΜ

307 2518 357 2555 19
391 2513 698 2569 primipilaris
739 2514 862 2556 enim
901 2515 1148 2556 intestator
1191 2514 1250 2568 (ei
1283 2516 1478 2556 testator
1511 2516 1609 2568 Pr)
1643 2513 1858 2555 suaderet

187 2572 314 2615 libri:
345 2586 409 2614 em
443 2573 666 2628 Spctldz'ny
788 2577 840 2614 22
874 2572 998 2615 lenia
1031 2581 1090 2614 P:
1124 2573 1253 2615 lenta
1278 2581 1355 2614 AG
1386 2572 1505 2615 levia
1544 2576 1653 2626 {tn}
1683 2575 1728 2614 et
1762 2579 1855 2614 Pr:

186 2644 253 2673 om
274 2638 405 2672 Asin
523 2636 575 2673 523
609 2631 719 2673 Afer
743 2631 866 2674 idem
885 2632 1068 2688 ingrato
1096 2632 1341 2688 Spalcliny:
1367 2645 1476 2687 aper
1499 2631 1654 2673 iadem
1673 2630 1856 2686 (iamole

193 2692 243 2744 Γ)
276 2689 427 2745 igrato
458 2691 551 2743 fere
583 2692 690 2734 libri
721 2691 920 2747 (ingrato
956 2693 1010 2745 P)
1148 2695 1201 2732 26
1233 2692 1475 2745 reponeret
1511 2691 1559 2734 O.
1593 2690 1743 2733 Seeck:
1788 2702 1856 2732 re-

186 2751 401 2803 sponeret
432 2749 491 2789 Al
515 2749 813 2804 responderet
836 2757 1005 2792 aGPM
1032 2749 1363 2805 responderent
1394 2757 1427 2790 Γ
1445 2749 1530 2792 edd
1651 2753 1701 2790 27
1736 2761 1855 2804 pane

185 2808 300 2848 *1¹12
334 2820 502 2863 panem
533 2809 613 2851 rell
641 2810 646 2863 Ι
675 2821 797 2863 aqua
828 2809 928 2851 vivo
962 2810 1148 2864 Haupt:
1182 2821 1303 2863 aqua
1335 2808 1444 2851 bibo
1476 2816 1512 2849 A
1546 2820 1714 2862 aquam
1746 2806 1855 2850 bibo

185 2867 266 2909 rell
386 2871 440 2909 ‘28
473 2866 601 2910 iocus
642 2868 798 2910 Valla:
829 2867 956 2910 100113
