1991 3120
690 517 1223 576 PRAEFATIO.

229 757 350 804 Eius
392 757 636 816 editionis,
686 773 834 817 quam
874 757 994 803 olim
1033 755 1294 803 Eduardus
1334 756 1543 804 Bonnell
1583 757 1798 804 confece-

111 833 209 891 rat,
241 830 651 894 redintegrandae
700 829 915 877 officium
963 845 1072 877 cum
1104 832 1413 891 suscepisset,
1445 832 1606 892 prima
1638 832 1798 891 operis

114 907 262 952 initia
329 905 528 952 vixdum
597 920 821 967 egressus
889 904 1302 952 Ferdinandus
1356 904 1581 952 Becher
1642 907 1799 952 morte

114 982 434 1041 praematura
476 978 763 1040 absumptus
805 981 893 1037 est,
933 978 1105 1026 doctus
1144 980 1222 1026 vir
1254 982 1304 1025 et
1336 977 1634 1034 Quintiliani
1665 994 1798 1041 egre·

113 1055 195 1117 gie
233 1053 436 1115 peritus.
516 1052 664 1100 Cuius
704 1054 756 1099 in
803 1053 968 1100 locum
1017 1055 1284 1114 postquam
1337 1052 1636 1100 substitutus
1678 1068 1799 1111 sum,

111 1127 446 1174 intercedente
479 1127 742 1189 Rudolpho
774 1127 995 1186 Muecke,
1035 1127 1285 1189 gymnasii
1315 1126 1613 1174 erldiensis
1647 1127 1798 1174 direc-

111 1203 235 1263 tore,
281 1202 469 1249 factum
517 1203 604 1260 est,
650 1204 723 1259 ut,
777 1216 1110 1262 quascumque
1149 1201 1233 1248 ille
1290 1201 1456 1262 copias
1504 1201 1799 1263 conlegerat,

110 1277 224 1322 usui
269 1291 376 1322 meo
429 1275 801 1323 adcommodare
839 1290 1046 1336 possem.
1132 1275 1255 1322 Erat
1307 1275 1462 1338 igit-ur
1510 1275 1572 1323 ad
1619 1275 1800 1322 librum

110 1350 326 1412 primum
366 1351 746 1397 commentarius
788 1350 986 1397 criticus
1020 1349 1381 1412 elegantissime
1415 1348 1709 1409 elaboratus,
1748 1351 1800 1396 in

110 1423 315 1484 reliquis
377 1439 493 1471 vero
554 1423 694 1470 libris
750 1423 1127 1470 adnotationum
1183 1425 1380 1486 farrago
1435 1424 1594 1470 maior
1639 1423 1799 1480 modo,

113 1497 260 1544 modo
300 1499 474 1556 minor,
514 1497 693 1558 quibus
725 1498 805 1545 vel
836 1499 1061 1559 proprias
1094 1498 1352 1559 proposuit
1385 1499 1690 1545 coniecturas
1721 1497 1799 1544 vel

116 1572 326 1619 aliorum
390 1570 663 1630 adnotavit,
726 1571 1103 1630 commendavit,
1156 1572 1410 1631 refutavit,
1463 1571 1799 1632 librorumque

112 1645 405 1693 lectionibus
447 1645 655 1707 singulis
696 1644 993 1708 suffragatus
1035 1648 1129 1705 est,
1169 1648 1309 1692 erant
1346 1649 1624 1707 praeterea,
1674 1661 1798 1707 quae

112 1721 550 1782 grammaticorum
589 1721 775 1781 scripta
821 1720 872 1766 in
911 1734 962 1765 re
1010 1720 1158 1766 dubia
1210 1719 1471 1767 laudarent
1526 1723 1615 1767 aut
1667 1720 1799 1767 locos

113 1793 298 1840 similes
343 1793 694 1854 producerent:
751 1794 918 1854 qualia
974 1794 1074 1840 fere
1128 1794 1372 1856 philologi
1417 1795 1547 1841 inter
1592 1793 1800 1857 legenda

112 1867 350 1914 adnotare
391 1867 616 1916 solemus.
694 1867 804 1915 Huc
852 1867 1147 1914 accedebant
1195 1868 1475 1916 collationis
1530 1869 1800 1929 specimina

112 1943 253 1988 varia
292 1941 430 1988 velut
466 1941 797 2001 Ambrosiani,
837 1957 934 2003 qua
975 1943 1110 1989 nisus
1143 1941 1334 1989 Halmii
1363 1942 1681 2003 Meisterique
1715 1957 1798 1990 no-

110 2018 191 2062 tas
229 2015 310 2063 hic
350 2024 498 2078 atque
537 2016 641 2063 illic
682 2018 922 2078 corrigere
969 2018 1133 2077 potui,
1181 2019 1230 2063 et
1275 2017 1554 2064 Florentini
1605 2016 1800 2076 codicis,

111 2089 381 2137 utilissima
434 2105 550 2137 vero
602 2089 817 2136 Parisini
871 2090 1118 2137 Vallensis
1175 2090 1386 2138 collatio.
1468 2089 1653 2146 Quibus
1709 2106 1798 2153 ego

112 2164 269 2225 copiis
310 2163 535 2212 omnibus
575 2164 647 2211 ita
687 2179 802 2211 usus
844 2180 966 2224 sum,
1017 2167 1075 2211 ut
1115 2181 1171 2210 ex
1211 2164 1419 2212 Becheri
1465 2164 1799 2225 adnotatione,

113 2237 354 2299 siquidem
398 2237 590 2299 aliquid
627 2238 743 2285 novi
783 2240 1031 2285 continere
1058 2238 1333 2298 videbatur,
1374 2238 1616 2300 quidquid
1639 2238 1797 2286 labori

111 2327 221 2358 meo
260 2312 383 2359 utile
422 2312 613 2373 putavi,
652 2313 847 2360 nomine
889 2313 1140 2374 appellato
1173 2313 1465 2374 proferrem,
1506 2314 1676 2374 itaque
1701 2328 1798 2360 non

110 2400 271 2446 pauca
309 2385 390 2432 hic
420 2386 667 2449 leguntur,
708 2402 833 2447 quae
871 2386 1060 2448 publici
1097 2387 1218 2434 iuris
1258 2387 1473 2435 nondum
1514 2388 1711 2434 fecerat.

222 2459 295 2506 De
322 2458 628 2515 Quintiliano
667 2461 961 2508 recensendo
995 2453 1116 2526 (quo
1150 2461 1209 2508 de
1235 2477 1379 2522 opere
1412 2463 1524 2523 post
1556 2461 1800 2508 Fiervillii

111 2535 162 2580 et
226 2528 522 2581 Petersoni*
577 2535 799 2597 egregios
853 2535 1047 2582 labores
1111 2537 1212 2581 iam
1266 2535 1384 2582 licet
1438 2537 1655 2598 cogitare
1710 2550 1797 2582 nec

233 2675 255 2698 '⁴‘
291 2673 355 2717 cf.
389 2675 450 2718 M.
490 2674 539 2717 F.
574 2674 802 2727 Fierville,
849 2674 1127 2727 Quintiliani
1167 2676 1223 2719 de
1266 2674 1560 2719 institutione
1594 2676 1798 2719 oratoria

112 2731 233 2776 liber
263 2734 453 2789 primus.
516 2733 660 2777 Texte
693 2733 813 2777 latin
845 2738 930 2778 etc.
963 2735 1110 2789 Paris,
1144 2735 1287 2778 Didot
1323 2739 1435 2778 1890
1470 2761 1522 2766 —
1557 2735 1797 2787 Peterson,
1849 2790 1852 2792 Ι

112 2791 174 2835 M.
217 2792 335 2835 Fabi
394 2791 672 2844 Quintiliani
733 2795 1040 2838 institutionis
1104 2795 1334 2838 oratoriae
1395 2794 1514 2837 liber
1576 2794 1795 2838 decimus.

111 2851 154 2892 A
183 2851 362 2895 revised
394 2854 491 2895 text
526 2855 611 2896 etc.
646 2851 834 2906 Oxford,
868 2853 1128 2897 Clarendon
1159 2853 1292 2897 Press
1328 2858 1453 2897 1891.
