2007 3120
693 46 748 89 Π.
785 48 854 99 14,
890 49 1016 89 1—5.
1052 50 1121 100 15,
1155 50 1282 89 1—6.
1736 46 1839 98 103

331 178 494 237 [QUID
529 178 618 221 SIT
650 177 993 222 RHETORICE
1025 178 1104 221 ET
1137 177 1270 230 QUIS
1303 178 1438 220 EIUS
1471 179 1662 237 FINIS]

267 260 372 306 XV.
396 260 528 306 Ante
561 260 740 319 omnia,
775 259 917 320 quid
940 261 1022 307 sit
1043 260 1358 307 rhetorice.
1385 275 1512 320 quae
1537 259 1707 307 finitur
1733 263 1839 321 qui-

157 335 267 381 dem
306 335 456 394 varie,
498 333 582 381 sed
622 334 960 393 quaestionem
999 333 1149 381 habet
1189 333 1457 394 duplicem:
1499 336 1586 380 aut
1626 335 1757 381 enim
1782 334 1839 381 de

157 409 399 470 qualitate
449 408 605 468 ipsius
652 408 724 453 rei
780 411 866 454 aut
920 407 978 454 de
1020 408 1389 468 comprensione
1440 407 1701 455 verborum
1743 407 1838 455 dis-

112 499 131 530 5
157 483 316 530 sensio
358 484 444 528 est.
484 481 645 542 prima
702 484 848 542 atque
903 483 1172 543 praecipua
1226 482 1516 542 opinionum
1567 482 1695 529 circa
1748 482 1841 529 hoc

157 555 448 615 differentia,
496 555 628 616 quod
667 555 753 601 alii
801 555 958 602 malos
1007 572 1201 617 quoque
1249 557 1380 603 viros
1430 571 1572 616 posse
1622 558 1840 603 oratores

155 630 253 677 (1101
292 631 486 691 putant,
528 629 628 690 alii,
669 645 880 690 quorum
911 645 999 677 nos
1033 631 1305 678 sententiae
1332 630 1622 690 accedimus,
1662 646 1841 676 nomen

154 704 245 751 hoc
287 705 553 764 artemque,
594 703 652 750 de
693 719 791 765 qua
829 703 1094 764 loquimur,
1145 703 1286 750 bonis
1327 704 1522 751 demum
1561 704 1717 751 tribui
1756 720 1839 751 vo-

153 778 280 824 lunt.
321 793 489 824 eorum
538 780 716 837 autem,
770 778 853 838 qui
902 777 1099 825 dicendi
1150 778 1440 825 facultatem
1480 794 1508 825 a
1547 777 1732 825 maiore
1785 793 1842 825 ac

88 869 129 900 10
155 853 314 934 magis
355 852 626 912 expet-enda
665 852 799 899 Vitae
837 851 982 899 laude
1023 855 1295 908 secernunt,
1338 852 1540 913 quidam
1564 853 1843 899 rhetoricen

86 1240 127 1272 15

83 2355 125 2386 30

153 926 254 973 vim
292 928 505 986 tantum,
546 926 750 987 quidam
789 928 1061 989 scientiam,
1102 926 1188 974 Sed
1218 943 1317 973 non
1346 927 1599 987 virtutem,
1640 926 1843 987 quidam

142 991 311 1067 Q
355 1000 557 1061 quidam
597 1003 754 1047 artem
802 985 1022 1062 (1111(10111.
1079 1001 1164 1047 3οᾶ
1215 1017 1243 1047 a
1299 1003 1506 1048 scientia
1560 1004 1607 1048 et
1657 1001 1842 1048 virtute

153 1038 438 1134 diiunctam,
479 1063 721 1136 quidam
721 1076 872 1122 etiam
910 1076 1213 1144 pravitatem
1255 1076 1500 1136 quandam
1537 1077 1658 1122 artis
1689 1075 1743 1122 id
1768 1077 1844 1122 est

152 1147 468 1212 κακοτεχνίαν
506 1150 903 1196 nominaverunt.
943 1149 997 1195 hi
1027 1149 1128 1196 fere
1163 1151 1250 1196 aut
1287 1151 1342 1196 in
1379 1148 1721 1211 persuadendo
1755 1153 1842 1196 aut

152 1224 205 1269 in
245 1222 450 1270 dicendo
492 1226 605 1284 apte
647 1223 709 1270 ad
747 1223 1144 1284 persuadendum
1182 1223 1402 1284 positum
1450 1224 1625 1271 orandi
1663 1240 1841 1272 munus

1897 777 1925 820 [ὓ

152 1299 266 1344 sunt
306 1296 560 1344 arbitrati:
600 1297 653 1343 id
693 1298 823 1345 enim
861 1297 969 1344 fieri
1006 1300 1173 1359 potest
1213 1298 1272 1344 ab
1315 1314 1370 1345 eo
1404 1314 1612 1359 quoque,
1656 1299 1742 1359 qui
1765 1298 1843 1344 vir
1889 1313 1897 1317 -
1968 1274 1992 1316 s

151 1371 308 1418 bonus
346 1387 446 1418 non
484 1373 560 1419 sit.
610 1374 684 1419 est
721 1373 878 1434 igitur
923 1373 1352 1433 frequentissimus
1392 1372 1504 1419 finis
1547 1369 1843 1419 ‘rhetoricen
1910 1404 1914 1405 ν

153 1460 254 1492 0330
300 1447 404 1493 vim
457 1441 819 1507 persuadendi'.
875 1447 1008 1508 quod
1062 1463 1151 1509 ego
1199 1448 1302 1493 vim
1358 1447 1568 1508 appello,
1617 1446 1840 1508 plerique
1870 1458 1882 1515 ‘g

150 1521 473 1580 potestatem,
534 1521 761 1567 nonnulli
830 1521 1124 1568 facultatem
1185 1524 1388 1568 vocant:
1460 1537 1586 1582 quae
1648 1536 1725 1568 res
1780 1536 1841 1568 ne

85 1611 104 1642 2
155 1594 274 1655 quid
315 1594 508 1641 adferat
548 1595 905 1658 ambiguitatis,
945 1595 1048 1641 vim
1087 1596 1195 1642 dico
1237 1595 1464 1658 δύναμιν.
1512 1596 1632 1643 haec
1673 1597 1841 1657 opinio

153 1669 395 1731 originem
436 1669 494 1716 ab
535 1669 768 1728 Isocrate,
809 1671 851 1716 si
890 1674 1057 1716 tamen
1096 1686 1148 1715 re
1188 1685 1306 1716 vera
1348 1685 1426 1717 ars
1468 1686 1593 1731 quae
1634 1671 1842 1718 circum-

150 1743 307 1789 fertur
347 1743 450 1790 eius
491 1746 578 1803 est,
627 1743 781 1790 duxit.
839 1744 922 1805 qui
963 1759 1071 1790 cum
1110 1744 1255 1807 longe
1297 1745 1362 1791 sit
1403 1759 1431 1790 a
1470 1744 1728 1791 voluntate
1769 1744 1842 1790 in-

150 1817 449 1864 famantium
481 1820 691 1865 oratoris
732 1817 909 1878 officia,
947 1818 1094 1864 finem
1137 1819 1256 1865 artis
1303 1820 1485 1865 temere
1534 1818 1844 1879 comprendit

151 1891 316 1939 dicens
394 1907 497 1938 esse
565 1892 843 1940 rhetoricen
906 1889 1255 1953 ‘persuadendi
1317 1889 1584 1954 opificem’,
1646 1893 1699 1938 id
1769 1894 1842 1939 est

82 1982 124 2014 25
150 1969 362 2023 πειθοῦς
402 1965 726 2031 ὃημιουργόνε
775 1983 934 2028 neque
975 1968 1107 2013 enim
1144 1968 1270 2013 mihi
1315 1967 1622 2028 permiserim
1670 1967 1840 2014 eadem

150 2041 228 2087 uti
281 2039 623 2102 declinatione,
676 2058 774 2102 qua
822 2041 1012 2088 Ennius
1051 2041 1114 2089 M.
1167 2040 1439 2104 Cethegum
1491 2037 1694 2088 ‘suadae
1741 2058 1840 2088 me-

151 2111 357 2161 dullam'
398 2117 558 2162 vocat.
622 2115 754 2176 apud
800 2115 1060 2163 Platonem
1107 2131 1302 2177 quoque
1351 2114 1558 2178 Gorgias
1605 2116 1660 2162 in
1698 2116 1841 2175 libro,

151 2188 236 2249 qui
274 2189 472 2236 nomine
512 2189 615 2236 eius
654 2191 925 2252 inscriptus
967 2192 1054 2250 est,
1093 2190 1224 2237 idem
1264 2191 1366 2237 fere
1407 2190 1548 2250 dicit,
1590 2190 1674 2237 sed
1713 2191 1841 2237 hanc

150 2262 296 2310 Plato
335 2263 471 2310 illius
505 2264 788 2325 opinionem
819 2265 928 2311 vult
953 2264 1126 2325 accipi,
1158 2280 1257 2311 non
1289 2280 1441 2311 suam.
1486 2263 1652 2311 Cicero
1684 2265 1838 2326 pluri-

149 2337 239 2385 bus
279 2337 400 2384 locis
441 2338 639 2398 scripsit
685 2338 900 2386 officium
958 2340 1171 2386 oratoris
1228 2354 1330 2386 esse
1385 2335 1563 2386 ‘dicere
1615 2339 1839 2400 adposite

151 2411 214 2457 ad
258 2408 687 2473 persuadendum’,
735 2413 787 2459 in
833 2413 1090 2460 rhetoricis
1139 2414 1311 2472 etiam,
1365 2429 1486 2474 quos
1539 2413 1643 2460 sine
1691 2413 1838 2460 dubio

271 2603 325 2641 21
358 2598 446 2654 frg.
482 2598 608 2641 1·B1.
654 2625 710 2630 —-
772 2604 826 2641 26
859 2600 977 2642 Α1111.
1013 2604 1098 2642 308
1131 2599 1172 2640 V
1232 2626 1287 2630 —
1352 2604 1404 2642 27
1440 2598 1576 2656 Gorg.
1618 2614 1648 2654 p
1681 2602 1767 2642 453
1801 2602 1840 2640 A

152 2682 207 2688 —-
250 2661 305 2699 29
345 2657 414 2700 De
446 2657 538 2701 inv.
574 2664 613 2712 1,
648 2665 687 2711 ὃ,
723 2663 761 2702 6.
795 2658 863 2701 De
897 2661 1011 2702 orat.
1049 2665 1087 2711 1,
1122 2664 1192 2712 31,
1228 2663 1311 2702 138
1347 2685 1399 2690 -—
1435 2662 1488 2701 31
1521 2658 1555 2713 I,
1591 2663 1630 2711 5,
1665 2663 1703 2700 6.

271 2809 296 2846 2
330 2806 445 2861 quid
476 2806 538 2849 sit
566 2806 810 2861 rhetorice,
843 2807 1097 2862 quaeritur.
1130 2807 1290 2867 finitur
1322 2808 1457 2851 Nolte
1562 2811 1587 2848 3
1621 2807 1679 2850 de
1703 2820 1770 2850 om
1797 2814 1842 2848 B

272 2869 326 2907 15
357 2865 408 2907 in
440 2865 647 2909 docendo
679 2874 724 2908 B
844 2872 900 2909 24
935 2866 1161 2910 artificem
1193 2875 1229 2908 A
