2055 3130
23 936 65 968 10

22 1307 64 1338 15

21 1678 65 1709 20

22 2048 63 2080 25

22 2419 66 2450 30

742 111 818 155 ΙΠ.
853 116 893 166 6,
927 114 1116 155 17-28,
1669 110 1775 161 145

90 255 446 318 posterioribus
487 252 646 300 divisa
687 254 773 310 est,
815 267 964 311 quam
1001 266 1237 313 magnum
1278 252 1327 296 et
1367 264 1517 310 quam
1562 249 1776 296 multum

91 332 177 378 sit:
218 330 288 376 ad
327 327 582 389 aliquid,
633 325 761 372 unde
801 324 977 371 ductae
1023 324 1289 371 translatio
1345 326 1393 370 et
1448 323 1775 383 comparatio:

90 406 204 466 post
232 404 353 450 haec
384 402 484 448 ubi
523 403 580 447 et
620 398 878 461 quando:
920 397 1094 445 deinde
1118 399 1335 458 facere,
1360 396 1511 458 pati,
1536 396 1776 455 habere,

91 477 222 539 quod
262 479 335 525 est
374 474 516 537 quasi
569 475 816 520 armatum
873 487 998 532 esse,
1043 473 1280 519 vestitum
1335 486 1460 518 esse:
1511 471 1775 518 novissime

90 555 299 611 κεῖσθαι,
333 549 467 611 quod
501 550 574 594 est
607 546 1001 607 compositum
1041 561 1166 593 esse
1207 544 1461 606 quodam
1498 544 1688 604 modo,
1720 547 1777 590 ut

89 625 262 684 calere,
303 626 447 683 stare,
497 621 658 669 irasci.
711 620 795 668 sed
835 636 892 667 ex
930 620 1006 668 his
1058 619 1282 667 omnibus
1329 620 1491 680 prima
1540 621 1777 679 quattuor

89 699 153 745 ad
192 701 350 745 status
389 697 650 758 pertinere,
690 697 852 742 cetera
893 694 956 741 ad
997 693 1236 755 quosdam
1283 694 1415 740 locos
1463 696 1776 756 argumento-

87 789 197 819 rum
228 771 470 819 videntur.
513 770 601 816 alii
632 785 809 817 novem
841 769 1084 815 elementa
1115 770 1406 828 posuerunt:
1438 782 1776 827 personam,

89 847 141 892 111
182 862 279 907 qua
319 845 377 891 de
419 844 598 903 animo,
639 859 854 904 corpore,
904 845 1041 889 extra
1081 842 1256 903 positis
1306 844 1596 901 quaeratur,
1645 841 1777 901 quod

89 922 334 981 pertinere
376 919 438 966 ad
478 919 788 966 coniecturae
829 919 878 963 et
926 916 1187 977 qualitatis
1233 915 1563 962 instrumenta
1609 914 1775 961 video:

87 997 344 1055 tempus,
393 992 525 1054 quod
572 990 750 1055 χρόνον
797 992 990 1050 vocant,
1043 1006 1099 1036 ex
1155 1006 1250 1050 quo
1307 989 1546 1050 quaestio,
1602 1004 1666 1035 an
1720 989 1777 1048 is,

90 1084 249 1130 quem,
291 1067 406 1114 dum
445 1067 643 1113 addicta
683 1068 769 1127 est,
817 1068 978 1112 mater
1015 1065 1232 1126 peperit,
1280 1079 1448 1111 servus
1495 1064 1561 1110 sit
1608 1066 1776 1110 natus:

88 1143 307 1202 locum,
347 1141 474 1188 unde
515 1140 850 1188 controversia
888 1138 1098 1198 videtur,
1139 1154 1202 1185 an
1227 1138 1301 1185 fas
1335 1137 1485 1184 fuerit
1508 1140 1777 1199 tyrannum

88 1216 140 1263 in
170 1216 357 1276 templo
391 1214 625 1273 occidere,
659 1230 719 1260 an
747 1214 1021 1260 exulaverit
1047 1214 1132 1273 qui
1165 1212 1296 1259 domi
1328 1213 1502 1259 latuit:
1542 1215 1776 1272 tempus
1803 1221 1814 1234 ”

89 1292 289 1350 iterum,
331 1282 462 1350 quod
500 1287 672 1351 καιρόν
713 1288 983 1349 appellant,
1034 1287 1160 1333 hanc
1201 1290 1365 1334 autem
1405 1286 1564 1333 videri
1602 1286 1778 1333 volunt

89 1365 301 1427 speciem
356 1364 493 1410 illius
544 1364 795 1424 temporis,
852 1364 909 1409 ut
960 1363 1201 1408 aestatem
1251 1361 1330 1408 vel
1379 1360 1613 1420 hiemem,
1663 1360 1777 1407 huic

89 1438 335 1486 subicitur
357 1438 443 1485 ille
466 1439 519 1483 in
543 1437 830 1498 pestilentia
856 1437 1141 1484 comisator:
1168 1437 1385 1493 actum,
1410 1435 1462 1481 id
1488 1436 1562 1481 est
1586 1433 1777 1497 πρᾶξιν,

90 1513 221 1574 quod
261 1528 315 1559 eo
354 1513 588 1571 referunt,
644 1511 798 1558 sciens
839 1510 1140 1558 commiserit
1187 1525 1249 1555 an
1296 1509 1521 1568 insciens,
1569 1509 1776 1556 necessi-

87 1589 192 1634 tate
234 1602 297 1633 an
337 1601 467 1645 casu,
508 1588 557 1632 et
595 1586 741 1632 talia:
782 1600 1107 1644 numerum,
1159 1584 1244 1645 qui
1285 1583 1417 1630 cadit
1463 1584 1515 1629 in
1564 1584 1778 1644 speciem

90 1662 402 1722 quantitatis,
467 1676 530 1707 an
587 1658 895 1719 Thrasybulo
951 1660 1162 1721 triginta
1216 1658 1439 1719 praemia
1493 1656 1777 1715 debeantur,

90 1735 177 1796 qui
215 1737 292 1782 tot
329 1737 568 1796 tyrannos
602 1734 877 1780 sustulerit:
919 1748 1176 1792 causam,
1217 1734 1297 1778 0111
1335 1732 1578 1794 plurimae
1613 1731 1777 1778 subia-

90 1811 200 1856 cent
238 1808 366 1869 lites,
406 1809 632 1869 quotiens
683 1808 871 1854 factum
921 1823 1019 1854 non
1072 1810 1294 1869 negatur,
1343 1806 1426 1854 sed
1476 1806 1593 1866 quia
1642 1807 1778 1853 iusta

87 1884 278 1930 ratione
320 1883 384 1930 sit
421 1884 624 1941 factum,
666 1882 965 1929 defenditur:
1013 1880 1210 1944 τρόπον,
1252 1896 1362 1927 011111
1400 1880 1466 1939 id,
1508 1879 1639 1940 quod
1679 1879 1776 1926 alio

87 1957 233 2005 modo
271 1957 379 2003 fieri
416 1957 548 2016 licet,
590 1957 686 2004 alio
721 1956 903 2002 dicitur
931 1956 1141 2016 factum3
1180 1955 1294 2001 hinc
1327 1956 1401 2001 est
1433 1954 1628 2001 adulter
1657 1953 1777 2000 loris

89 2047 257 2080 caesus
297 2032 380 2078 vel
415 2031 545 2078 fame
584 2034 810 2078 necatus:
859 2030 1231 2077 occasionem
1279 2029 1597 2089 factorum,
1646 2027 1778 2088 quod

90 2109 163 2153 est
203 2107 437 2167 apertius,
479 2121 625 2166 quam
665 2107 724 2151 ut
763 2105 843 2152 vel
881 2103 1311 2165 interpretandum
1343 2103 1422 2150 vel
1459 2103 1678 2164 exemplo
1713 2103 1778 2149 sit

89 2179 548 2240 demonstrandum,
586 2181 754 2226 tamen
796 2176 1024 2241 ἀφορμὰς
1071 2175 1224 2242 ἔργων
1258 2180 1449 2225 vocant.
1498 2177 1550 2222 hi
1584 2191 1776 2238 quoque
1803 2185 1814 2199 ”

88 2254 278 2301 1111113111
318 2255 655 2315 quaestionem
697 2255 836 2300 extra
873 2253 995 2300 haec
1033 2255 1226 2313 putant.
1269 2251 1471 2313 quidam
1511 2251 1778 2298 detrahunt

90 2329 211 2376 duas
251 2329 424 2390 partis,
475 2344 734 2374 numerum
787 2330 834 2374 et
875 2326 1195 2385 occasionem,
1246 2329 1295 2373 et
1345 2341 1434 2388 pro
1489 2325 1592 2385 illo,
1646 2324 1777 2385 quod

91 2402 193 2449 dixi
232 2406 410 2462 actum,
451 2401 698 2449 subiciunt
735 2417 851 2461 res,
890 2401 942 2447 id
976 2403 1050 2448 est
1080 2400 1351 2464 πράγματα.
1394 2416 1518 2460 quae
1543 2415 1604 2446 ne
1636 2415 1776 2460 prae-

89 2478 262 2523 terisse
287 2476 492 2536 viderer,
527 2478 646 2523 satis
677 2475 831 2522 habui
856 2475 1114 2538 attingere.
1157 2477 1371 2522 ceterum
1394 2475 1471 2521 his
1497 2489 1584 2520 nec
1617 2474 1776 2521 status

91 2552 211 2597 satis
252 2551 445 2598 ostendi
482 2565 571 2597 nec
611 2550 769 2598 omnis
810 2550 1051 2596 contineri
1089 2550 1221 2596 locos
1255 2548 1412 2608 credo,
1453 2547 1585 2609 quod
1625 2563 1776 2608 appa-

212 2696 235 2733 2
269 2691 437 2734 ductae
461 2699 566 2734 BP:
602 2691 744 2734 ducta
770 2693 841 2733 est
864 2699 902 2732 A
1025 2695 1048 2732 6
1077 2689 1228 2733 031010
1252 2689 1412 2732 ABn1:
1449 2688 1597 2732 calere
1623 2687 1775 2731 facere

92 2749 194 2792 Bn2
224 2757 298 2800 By
329 2751 585 2794 calefacere
617 2756 672 2792 Ν
696 2749 924 2794 calfacere
955 2758 1010 2803 P,
1049 2751 1143 2793 m'sz‘
1175 2763 1228 2792 ex
1261 2750 1319 2791 23
1353 2750 1583 2791 intrusum
1615 2752 1678 2790 est
1707 2746 1776 2789 fa-

93 2822 209 2862 cere,
230 2811 379 2864 placet
402 2810 549 2852 calere
566 2810 736 2852 iacere:
765 2810 931 2864 Porph.
957 2810 1009 2852 in
1032 2814 1118 2853 cat.
1146 2813 1244 2861 742,
1271 2813 1296 2850 2
1315 2809 1522 2850 Ammcm.
1545 2811 1614 2859 93,
1634 2812 1657 2848 2
1673 2820 1775 2849 con-

91 2869 180 2921 fert
211 2868 348 2912 Kroll
468 2873 522 2911 13
552 2868 708 2912 locum
740 2876 800 2911 P:
835 2868 964 2911 locus
996 2876 1082 2910 AB
1201 2873 1253 2910 21
1289 2867 1370 2921 qui
1400 2874 1501 2909 BP:
1552 2866 1663 2920 quia
1693 2873 1731 2907 A
1767 2864 1771 2922 ξ

93 2940 235 2971 causa
265 2934 310 2969 B
428 2932 482 2970 29
517 2941 651 2984 quem
679 2927 776 2969 dixi
802 2935 892 2970 BP

182 3008 477 3048 vammuxvs
502 3010 559 3042 ed.
583 3009 946 3041 Radermacher.
978 3009 1007 3039 I.
1456 3002 1510 3041 10

1801 396 1864 441 24
