2007 3120
527 65 581 108 Π.
615 70 656 120 8,
692 69 878 108 11-15.
913 70 953 119 9,
990 68 1116 108 1-3.
1153 68 1220 117 10,
1257 69 1382 107 1—5.
1745 63 1815 115 93

127 222 401 267 corporum,
443 205 527 253 sed
566 206 807 252 mentium
847 204 1063 251 credant.
1104 204 1319 250 multum
1357 204 1478 250 haec
1509 205 1669 265 pietas
1703 219 1815 250 con-

126 281 253 328 feret
291 280 478 340 studi03
517 295 634 326 nam
672 281 745 326 ita
786 282 834 326 et
872 279 1084 325 libenter
1125 277 1326 324 audient
1361 280 1409 325 et
1441 278 1585 325 dictis
1619 277 1818 324 credent

127 358 176 401 et
216 369 317 401 esse
358 354 541 401 similes
583 354 943 414 concupiscent,
983 354 1036 399 in
1074 353 1206 413 ipsos
1242 352 1453 413 denique
1488 354 1653 399 coetus
1680 351 1816 398 scho-

126 429 288 476 larum
340 429 464 474 laeti
518 428 704 474 alacres
771 427 1089 487 convenient,
1146 425 1394 473 emendati
1451 442 1549 472 non
1603 427 1816 472 irascen-

82 522 101 554 5
127 505 228 562 tur,
275 501 467 548 laudati
515 501 821 564 gaudebunt,
875 503 932 547 ut
978 501 1079 548 sint
1133 501 1390 558 carissimi,
1439 500 1601 547 studio
1663 515 1816 546 mere-

127 577 325 623 buntur.
365 592 482 622 nam
529 581 585 622 ut
631 576 834 622 illorum
890 574 1106 621 officium
1162 576 1236 621 est
1291 570 1477 633 docere,
1519 573 1587 621 sic
1641 574 1818 619 horum

126 650 359 711 praebere
401 665 450 697 se
491 649 695 696 dociles:
744 649 934 710 alioqui
981 651 1212 695 neutrum
1260 650 1362 695 sine
1411 649 1567 695 altero
1617 647 1813 695 sufficit.

128 727 178 772 et
216 726 342 772 sicut
380 723 593 772 hominis
635 726 769 771 ortus
811 739 867 770 ex
906 726 1115 784 utroque
1156 724 1465 785 gignentium
1491 723 1743 769 confertur
1769 724 1817 768 et

127 799 312 846 frustra
352 800 590 859 sparseris
631 799 834 856 semina,
875 797 970 845 nisi
1008 797 1097 844 illa
1137 797 1479 858 praemollitus
1505 797 1687 843 foverit
1720 795 1815 842 sul-

0 919 3 947 ,
60 894 102 924 10
127 888 232 920 cus:
270 873 345 919 ita
385 873 668 933 eloquentia
708 872 980 920 coalescere
1019 872 1196 932 nequit
1235 871 1331 918 nisi
1364 871 1552 919 sociata
1575 870 1816 917 tradentis

0 949 4 1037 ,
127 946 512 1007 accipientisque
546 946 820 994 concordia.

305 1073 404 1130 [DE
437 1072 759 1115 UTILITATE
792 1072 868 1114 ET
901 1071 1170 1115 RATIONE
1203 1071 1638 1128 DECLAMANDL]

237 1168 294 1214 X.
333 1169 393 1215 In
432 1169 508 1216 his
548 1170 721 1230 primis
763 1168 1005 1230 operibus,
1047 1184 1172 1230 quae
1212 1185 1311 1215 non
1350 1169 1461 1229 ipsa
1492 1183 1648 1228 parva
1688 1169 1817 1226 sunt,

128 1243 212 1291 sed
251 1244 497 1290 maiorum
538 1244 681 1303 quasi
719 1242 940 1290 membra
989 1246 1138 1304 atque
1185 1245 1366 1304 partes,
1417 1242 1540 1289 bene
1586 1241 1816 1289 instituto

61 1337 102 1369 15
128 1333 183 1364 ac
223 1319 344 1365 satis
394 1319 661 1365 exercitato
713 1319 815 1364 iam
855 1319 956 1364 fere
1007 1320 1204 1379 tempus
1253 1316 1452 1378 adpetet
1500 1315 1819 1379 adgrediendi

128 1393 373 1440 suasorias
411 1391 768 1452 iudicialesque
814 1393 1070 1440 materias:
1126 1408 1333 1453 quarum
1376 1393 1644 1452 antequam
1684 1392 1818 1437 viam

127 1466 392 1529 ingredior,
432 1482 592 1528 pauca
630 1466 756 1512 mihi
796 1466 852 1513 de
892 1468 1003 1528 ipsa
1037 1465 1345 1514 declamandi
1383 1466 1576 1512 ratione
1610 1464 1819 1512 dicenda

128 1543 257 1600 sunt,
297 1556 422 1601 quae
463 1541 662 1601 quidem
701 1544 757 1587 ut
798 1557 853 1587 ex
895 1540 1118 1588 omnibus
1159 1540 1426 1587 novissime
1471 1541 1697 1599 inventa,
1744 1538 1818 1585 ita

127 1615 286 1662 multo
328 1617 401 1662 est
439 1615 723 1662 utilissima.
764 1631 876 1661 nam
920 1617 968 1661 et
1009 1618 1184 1662 cuncta
1223 1615 1326 1674 illa,
1375 1614 1432 1660 de
1476 1613 1653 1675 quibus
1695 1613 1816 1659 dixi-

59 1710 103 1740 ‘20
127 1705 250 1749 mus,
289 1690 341 1735 in
381 1705 430 1736 se
470 1689 570 1736 fere
611 1691 831 1737 continet
878 1692 926 1736 et
972 1690 1173 1736 veritati
1220 1690 1495 1750 proximam
1541 1689 1811 1750 imaginem

126 1763 302 1823 reddit,
342 1762 551 1824 ideoque
598 1765 672 1810 ita
719 1766 791 1811 est
839 1764 1100 1823 celebrata,
1154 1766 1212 1810 ut
1266 1763 1512 1824 plerisque
1566 1762 1820 1809 videretur

129 1838 190 1884 ad
229 1837 542 1884 formandam
581 1839 914 1899 eloquentiam
954 1838 1031 1884 vel
1073 1838 1178 1886 sola
1218 1837 1453 1885 sufficere.
1494 1853 1654 1898 neque
1688 1838 1818 1883 enim

126 1913 285 1959 virtus
323 1912 430 1958 ulla
469 1915 738 1974 perpetuae
791 1913 1049 1959 dumtaxat
1097 1912 1334 1959 orationis
1385 1912 1593 1972 reperiri
1639 1913 1817 1972 potest,

129 2002 255 2047 quae
294 2003 393 2034 non
433 1987 499 2034 sit
539 2002 647 2033 cum
688 1987 781 2034 hac
822 1986 1015 2033 dicendi
1054 1986 1377 2034 meditatione
1426 1986 1711 2034 communis.
1761 2000 1816 2032 eo

61 2079 103 2111 25
130 2060 327 2122 quidem
366 2076 442 2107 res
482 2060 579 2108 ista
619 2061 764 2122 culpa
805 2061 1085 2108 docentium
1132 2060 1351 2118 reccidit,
1397 2062 1456 2107 ut
1501 2060 1632 2106 inter
1677 2075 1818 2121 prae-

130 2136 315 2196 cipuas,
371 2150 496 2196 quae
553 2138 922 2196 corrumperent
977 2136 1326 2197 eloquentiam,
1382 2150 1554 2182 causas
1615 2134 1818 2181 licentia

131 2212 279 2270 atque
326 2209 525 2256 inscitia
565 2209 947 2257 declamantium
994 2211 1158 2257 fuerit.
1211 2209 1295 2257 sed
1342 2225 1412 2269 eo,
1460 2209 1590 2270 quod
1638 2211 1819 2255 natura

128 2283 311 2330 bonum
351 2287 438 2343 est,
477 2285 598 2331 bene
638 2285 715 2331 uti
761 2285 890 2331 licet.
939 2285 1041 2332 sint
1096 2299 1212 2346 ergo
1269 2286 1318 2330 et
1371 2283 1508 2344 ipsae
1564 2285 1817 2342 materiae,

131 2374 255 2418 quae
294 2357 555 2420 fingentur,
605 2375 754 2419 quam
801 2359 1082 2407 simillimae
1130 2358 1346 2418 veritati,
1404 2361 1452 2404 et
1507 2357 1817 2416 declamatio,

62 2451 105 2483 30
129 2431 181 2478 in
245 2434 489 2493 quantum
542 2433 755 2480 maxime
808 2435 986 2495 potest,
1040 2433 1266 2479 imitetur
1327 2448 1407 2480 eas
1472 2432 1703 2490 actiones,
1766 2431 1818 2477 in

131 2523 339 2567 quarum
379 2507 780 2554 exercitationem
818 2510 1016 2568 reperta
1055 2509 1141 2554 est.
1189 2523 1307 2553 nam
1352 2521 1524 2569 magos
1573 2508 1622 2554 et
1666 2506 1817 2567 pesti-

129 2580 335 2627 lentiam
375 2582 424 2628 et
461 2596 698 2642 responsa
737 2584 786 2629 et
825 2581 1069 2629 saeviores
1108 2581 1311 2644 tragicis
1351 2596 1585 2628 novercas
1620 2581 1815 2642 aliaque

251 2772 273 2810 1
307 2766 488 2811 confert
517 2775 606 2810 BP
769 2773 796 2810 4
829 2768 1098 2822 alacresque
1131 2776 1168 2809 A
1209 2770 1256 2811 et
1296 2767 1470 2810 alacres
1505 2775 1550 2808 P
1577 2767 1629 2820 cf
1661 2766 1755 2808 adn
1782 2779 1817 2820 p

130 2830 201 2879 27,
234 2831 259 2868 9
384 2831 437 2869 15
472 2840 526 2870 ac
559 2827 672 2870 satis
705 2827 827 2870 AP2:
863 2830 1004 2881 atque
1035 2827 1144 2869 BP1
1266 2832 1319 2870 19
1355 2826 1554 2869 diximus
1587 2833 1688 2868 AB:
1724 2824 1814 2867 dis-

131 2884 324 2928 serimus
342 2894 386 2928 P
444 2891 499 2930 25
517 2886 686 2930 recidit
698 2895 782 2929 AP
856 2891 910 2929 29
926 2886 1113 2929 veritati
1126 2894 1216 2928 BP
1235 2888 1330 2941 th
1345 2891 1445 2939 445,
1462 2890 1514 2928 31
1530 2884 1764 2928 :veritatis
1778 2894 1815 2927 A

1874 210 1901 239 c)

1875 236 1900 253 -d

1878 1619 1906 1662 [ὓ
