2007 3120
741 76 796 118 Π.
833 78 901 131 15,
937 79 1123 118 18—29.
1681 78 1785 129 107

101 217 323 278 duntque
365 232 474 262 eum
513 217 563 262 in
605 216 698 263 hac
739 231 841 263 esse
883 216 1128 276 opinione,
1167 217 1224 262 ut
1262 216 1539 263 rhetoricen
1579 233 1678 264 non
1712 234 1786 264 ar-

99 294 222 350 tem,
293 290 377 337 sed
448 286 698 351 ‘peritiam
770 290 1018 350 quandam
1097 290 1288 352 grat-iae
1367 305 1422 336 ac
1491 286 1786 351 voluptatis'

100 365 366 424 existimet,
432 366 481 410 et
542 364 640 410 alio
710 364 817 410 loco
897 359 1172 410 ‘civilitatis
1241 364 1515 424 particulae
1587 366 1787 412 simula·
1814 374 1876 418 25

99 453 237 485 orum
307 441 355 485 et
434 440 663 498 quartam
738 439 933 499 partem
1014 433 1349 498 adulationis',
1443 439 1576 498 quod
1665 439 1786 485 duas

55 528 74 559 5
98 515 265 574 partes
318 512 576 559 civilitatis
629 513 824 572 corpori
874 511 1124 573 adsignet,
1182 511 1477 558 medicinam
1533 515 1581 559 et
1637 529 1788 573 quam

98 587 490 646 interpretantur
529 585 933 645 exercitatricem,
981 585 1101 633 duas
1143 587 1328 645 animo,
1377 586 1588 648 legalem
1637 591 1786 648 atque

98 660 356 718 iustitiam,
410 659 746 707 adulationem
810 661 977 706 autem
1038 658 1309 707 medicinae
1363 663 1506 707 vocet
1561 676 1788 707 cocorum

99 733 378 794 artificium,
421 733 773 780 exercitatricis
813 748 1138 796 mangonum,
1186 735 1272 795 qui
1319 734 1533 781 colorem
1579 735 1691 781 fuco
1740 738 1788 782 et

96 824 269 855 verum
292 808 442 855 robur
471 807 610 854 inani
643 809 818 869 sagina
849 808 1168 867 mentiantur,
1207 808 1382 869 legalis
1417 809 1786 869 cavillatricem,

29 898 72 929 10
96 882 318 929 iustitiae
355 882 647 929 rhetoricen.
705 897 831 942 quae
872 883 1037 929 omnia
1086 884 1201 929 sunt
1250 883 1448 942 quidem
1503 885 1687 943 scripta
1735 883 1785 929 in
1813 891 1875 935 26

96 957 190 1003 hoc
227 957 354 1003 libro
395 956 625 1017 dictaque
666 972 695 1002 a
736 955 953 1015 Socrate,
994 956 1131 1004 cuius
1170 972 1382 1017 persona
1414 957 1611 1004 videtur
1641 957 1786 1004 Plato

96 1030 374 1093 significare
417 1030 539 1091 quid
577 1032 781 1078 sentiat:
837 1030 922 1077 sed
969 1031 1058 1077 alii
1105 1034 1220 1077 sunt
1270 1033 1372 1078 eius
1422 1046 1667 1079 sermones
1723 1032 1787 1078 ad

98 1104 447 1166 coarguendos,
503 1105 589 1165 qui
628 1107 801 1152 contra
841 1103 1113 1166 disputant,
1169 1107 1443 1166 compositi,
1492 1121 1612 1166 quos
1662 1104 1785 1170 ἐλεγ-

95 1178 293 1236 κτικούς
317 1181 512 1239 vocant,
538 1179 627 1225 alii
658 1178 722 1225 ad
746 1178 1165 1240 praecipiendum,
1199 1181 1284 1239 qui
1309 1179 1597 1243 δογματικοί
1619 1181 1784 1241 appel-

29 1268 71 1300 15
94 1253 277 1300 lantur.
320 1252 546 1301 Socrates
589 1256 755 1299 autem
795 1269 881 1300 seu
920 1253 1065 1301 Plato
1107 1269 1215 1300 eam
1257 1254 1470 1314 quidem,
1512 1270 1637 1315 quae
1678 1257 1787 1301 tum
1812 1262 1871 1306 27

96 1327 426 1387 exercebatur,
456 1328 735 1374 rhetoricen
766 1328 920 1374 talem
950 1331 1098 1389 putat
1132 1321 1269 1391 (nam
1305 1331 1354 1375 et
1378 1328 1500 1376 dicit
1521 1328 1599 1377 his
1624 1329 1785 1376 verbis

93 1408 270 1449 τοῦτον
308 1399 393 1448 τὸν
432 1400 629 1466 τρόπον,
670 1398 727 1449 ὃν
768 1400 907 1463 ὑμεῖς
938 1396 1296 1467 πολιτεύεσθε),
1335 1418 1505 1450 veram
1538 1405 1705 1450 autem
1738 1407 1787 1450 et

93 1476 355 1523 honestam
394 1475 656 1539 intellegit,
695 1477 867 1536 itaque
908 1476 1182 1537 disputatio
1222 1477 1312 1523 illa
1352 1480 1525 1525 contra
1565 1476 1786 1540 Gorgian

93 1549 168 1597 ita
223 1550 460 1597 cluditur:
518 1549 704 1598 οὐκοῦν
745 1547 934 1614 ἀνάγκη
982 1549 1068 1598 τὸν
1112 1549 1372 1614 ῥητορικὸν
1413 1551 1605 1598 δίκαιον
1646 1547 1785 1612 εἶναι,

27 1639 70 1670 20
94 1622 180 1671 τὸν
221 1621 272 1671 δὲ
321 1623 513 1672 δίκαιον
562 1623 830 1686 βούλεσθαι
880 1624 1045 1672 δίκαια
1091 1625 1331 1689 πράττειν.
1411 1626 1475 1672 ad
1522 1626 1654 1687 quod
1699 1627 1785 1673 ille
1813 1633 1875 1677 :28

96 1698 296 1758 quidem
336 1699 636 1758 conticescit,
684 1699 767 1746 sed
807 1715 1081 1746 sermonem
1128 1701 1335 1761 suscipit
1381 1699 1528 1747 Polus
1577 1701 1787 1747 iuvenili

93 1773 254 1819 calore
301 1772 726 1833 inconsideratior,
775 1776 947 1820 contra
989 1790 1134 1834 quem
1180 1775 1270 1821 illa
1318 1774 1376 1821 de
1424 1775 1688 1822 simulacro
1738 1778 1788 1822 et

94 1846 380 1894 adulatione
420 1846 664 1894 dicuntur.
717 1850 825 1894 tum
867 1846 1093 1895 Callicles
1135 1848 1293 1895 adhuc
1335 1849 1649 1909 concitatior,
1699 1850 1786 1911 qui

92 1923 260 1968 tamen
299 1921 363 1967 ad
393 1921 520 1969 hanc
559 1921 849 1983 perducitur
888 1922 1186 1969 clausulam:
1229 1922 1313 1970 τὸν
1348 1923 1580 1985 μέλλοντα
1622 1920 1786 1987 ὀρθῶς

26 2009 68 2041 25
93 1992 354 2059 ῥητορικὸν
394 1993 593 2042 ἔσεσθαι
627 1995 819 2043 δίκαιον
851 1993 946 2059 ἄρα
979 1995 1059 2043 δεῖ
1083 1990 1209 2043 εἶναι
1241 1995 1321 2044 καὶ
1347 1995 1656 2060 ἐπιστήμονα
1688 2005 1785 2045 τῶν

93 2068 314 2128 δικαίων,
352 2072 411 2116 ut
450 2072 690 2131 appareat
719 2069 922 2119 Platoni
951 2086 1050 2117 non
1081 2071 1360 2119 rhetoricen
1391 2072 1551 2118 videri
1581 2073 1784 2132 malum,

93 2143 178 2190 sed
217 2159 327 2190 eam
365 2160 534 2191 veram
573 2146 671 2192 nisi
708 2144 840 2193 iusto
882 2160 937 2192 ac
975 2145 1103 2192 bono
1143 2161 1242 2192 non
1283 2147 1581 2209 contingere.
1624 2147 1783 2194 adhuc
1810 2154 1873 2197 29

93 2219 260 2264 autem
299 2219 352 2264 in
391 2218 617 2265 Phaedro
658 2219 969 2267 manifestius
1020 2219 1155 2279 facit,
1195 2221 1322 2267 hanc
1364 2224 1521 2268 artem
1561 2236 1784 2268 consum-

92 2293 221 2339 mari
261 2293 387 2339 citra
426 2293 650 2340 iustitiae
691 2309 885 2355 quoque
926 2294 1185 2341 scientiam
1224 2310 1324 2342 non
1361 2311 1519 2356 posse,
1561 2298 1640 2342 cui
1680 2296 1784 2357 opi-

24 2379 68 2410 30
90 2366 230 2413 nioni
262 2382 351 2414 nos
385 2383 579 2428 quoque
613 2368 903 2415 accedimus.
945 2384 1008 2414 an
1034 2369 1180 2415 aliter
1205 2368 1539 2417 defensionem
1565 2370 1783 2418 Socratis

212 2477 408 2534 2G0rg.
456 2493 487 2533 p
537 2483 623 2521 462
673 2479 709 2520 Β
758 2506 814 2510 ——
863 2479 1238 2535 3ib.p463D
1288 2508 1342 2512 —
1401 2480 1784 2536 5ib.p466A

92 2542 207 2579 —6
245 2536 543 2593 ib.p4c4B
589 2565 643 2569 —
691 2539 929 2581 465E—
973 2539 1348 2595 171b.p500C
1398 2567 1453 2572 —
1504 2540 1782 2596 19p460C

93 2621 149 2626 —
183 2601 294 2652 241>
328 2601 411 2640 508
446 2596 479 2640 C
511 2624 569 2629 —
603 2601 657 2640 28
689 2598 887 2642 Phaedr.
922 2613 953 2654 p
986 2603 1069 2641 261
1104 2600 1164 2642 A:
1203 2600 1349 2642 273E

213 2718 238 2756 S
273 2716 320 2757 et
351 2715 687 2759 exercitatricis
722 2725 810 2758 BP
930 2722 984 2760 16
1017 2720 1154 2774 putat
1184 2726 1290 2761 BP:
1324 2720 1496 2774 putant
1528 2727 1565 2760 A
1597 2719 1782 2774 putavit

92 2773 141 2814 al
247 2778 302 2817 18
334 2774 408 2817 illi
439 2783 476 2816 A
584 2780 639 2818 20
673 2775 898 2829 πράσσειν
931 2785 1020 2819 BP
1109 2783 1163 2820 25
1198 2776 1383 2821 δίκαιον
1417 2778 1508 2830 ἄρα
1533 2779 1661 2822 BPl:
1703 2779 1782 2821 καὶ

93 2830 282 2876 δίκαιον
323 2832 474 2887 ἄνδρα
514 2842 552 2876 Α
590 2836 643 2878 in
681 2843 727 2877 P
762 2835 855 2890 ἄρα
895 2851 1075 2880 erasum
1114 2842 1192 2890 est,
1232 2838 1394 2881 deinde
1434 2837 1645 2881 additum
1679 2842 1784 2892 post

91 2890 174 2934 τὸν
205 2891 426 2947 μέλλοντα
