2055 3130
51 523 71 555 5

28 893 71 924 10

27 1261 70 1294 15

27 1632 70 1665 20

29 2002 70 2035 25

28 2373 72 2405 30

769 71 844 115 VI.
879 76 918 123 3,
953 76 1110 114 5—17.
1671 72 1774 123 331

94 214 178 259 tur
218 214 266 258 et
305 228 461 273 neque
502 212 669 275 negari
711 227 786 258 res
835 227 991 272 neque
1040 211 1237 258 defendi
1283 214 1469 272 posset,
1515 211 1618 258 risu
1665 215 1779 258 sunt

95 288 147 332 et
186 288 463 346 opportuno
503 287 609 333 ioco
650 286 819 346 elapsi.
859 301 1070 345 namque
1111 299 1236 332 unus
1278 301 1335 331 ex
1373 286 1434 332 iis
1469 279 1672 344 ‘immo’,
1705 287 1777 331 in-

98 360 218 421 quit,
272 355 387 406 ‘nisi
425 360 605 423 lagona
653 359 923 417 defecisset,
976 358 1318 405 occidissemus
1357 354 1444 417 te',
1495 373 1647 418 eaque
1697 375 1778 404 ur-

94 433 316 479 banitate
356 435 463 480 tota
503 436 577 480 est
614 433 802 480 invidia
842 432 1058 480 criminis
1099 432 1351 479 dissoluta.

208 505 391 553 Verum
431 507 535 567 1100,
578 506 817 568 quidquid
858 508 945 565 est,
985 509 1040 552 ut
1079 522 1177 553 non
1218 507 1375 553 ausim
1415 505 1574 552 dicere
1615 520 1778 552 carere
1805 505 1864 549 11

96 581 294 627 0111111110
329 584 447 641 arte,
489 582 604 642 quia
644 581 935 626 nonnullam
962 579 1353 627 observationem
1379 579 1528 626 habet
1568 583 1779 640 suntque

95 653 156 700 ad
202 654 254 700 id
299 656 600 715 pertinentia
647 657 696 700 et
742 670 770 701 a
819 653 1016 701 Graecis
1071 656 1120 700 et
1175 670 1203 700 a
1257 649 1450 700 Latinis
1506 655 1779 714 composita

94 731 372 790 praecepta,
411 729 482 775 ita
521 729 667 789 plane
716 727 942 787 adfirmo,
989 727 1250 789 praecipue
1298 728 1516 788 positum
1572 743 1674 774 esse
1728 728 1780 772 in

94 804 274 848 natura
315 806 362 849 et
399 805 449 848 in
491 802 757 850 occasione.
797 817 942 862 porro
983 804 1164 848 natura
1204 818 1302 848 non
1348 804 1546 848 tantum
1591 803 1643 847 in
1690 801 1780 848 hoc
1806 800 1867 844 12

94 876 243 936 valet,
283 879 339 922 ut
379 877 570 923 acutior
611 877 718 936 quis
760 879 908 936 atque
947 875 1161 922 habilior
1209 875 1273 921 sit
1321 876 1385 922 ad
1431 874 1781 922 inveniendum

97 944 236 1015 (nam
272 950 324 996 id
365 966 480 997 sane
521 950 744 997 doctrina
784 952 942 1010 possit
991 943 1199 1014 augeri),
1248 949 1330 996 sed
1377 951 1505 996 inest
1550 949 1780 1010 proprius

96 1023 391 1084 quibusdam
430 1024 575 1071 decor
612 1026 665 1070 in
702 1024 878 1070 habitu
919 1038 974 1070 ac
1007 1025 1167 1083 Vultu,
1207 1026 1263 1071 ut
1296 1023 1467 1070 eadem
1498 1023 1587 1069 illa
1617 1024 1778 1069 minus

96 1098 193 1144 alio
220 1097 410 1144 dicente
435 1099 622 1145 urbana
655 1113 756 1145 esse
788 1097 1063 1145 videantur.
1105 1099 1293 1145 occasio
1326 1112 1441 1145 vero
1475 1099 1524 1143 et
1554 1099 1607 1143 in
1637 1096 1780 1144 rebus
1809 1095 1869 1139 13

95 1174 181 1229 est,
221 1167 393 1234 <cuius
436 1168 542 1234 est>
581 1174 724 1219 tanta
763 1173 852 1231 vis,
899 1175 956 1218 ut
995 1187 1138 1232 saepe
1176 1172 1335 1218 adiuti
1371 1187 1428 1217 ea
1464 1187 1561 1217 non
1595 1171 1781 1217 indocti

94 1245 255 1305 modo,
296 1246 379 1293 sed
420 1247 570 1293 etiam
608 1246 782 1293 rustici
822 1246 947 1293 salse
989 1245 1170 1305 dicant,
1220 1248 1269 1292 et
1307 1247 1359 1292 in
1407 1261 1476 1305 eo,
1526 1245 1645 1306 quid
1692 1245 1782 1291 ali-

96 1321 204 1380 quis
245 1320 423 1367 dixerit
461 1321 619 1381 prior,
669 1323 783 1367 sunt
823 1320 952 1367 enim
990 1320 1136 1381 longe
1183 1321 1469 1367 venustiora
1517 1320 1682 1366 omnia
1730 1321 1779 1365 in

93 1394 433 1455 respondendo
507 1410 652 1456 quam
716 1395 768 1440 in
830 1394 1158 1455 provocando.
1233 1393 1420 1442 accedit
1483 1392 1780 1451 difficultati,
1810 1390 1872 1434 14

96 1468 228 1529 quod
283 1470 385 1516 eius
436 1471 509 1515 rei
561 1469 699 1515 nulla
755 1470 1038 1515 exercitatio
1096 1471 1190 1527 est,
1245 1469 1372 1514 nulli
1425 1469 1779 1528 praeceptores.

93 1543 263 1603 itaque
302 1544 356 1589 in
395 1544 634 1590 conviviis
676 1546 725 1588 et
772 1542 1074 1589 sermonibus
1123 1543 1270 1588 multi
1316 1543 1520 1601 dicaces,
1569 1542 1686 1603 quia
1731 1541 1782 1587 in

94 1616 187 1664 hoc
217 1632 310 1663 usu
343 1617 613 1664 cottidiano
646 1616 951 1677 proficimus:
992 1617 1211 1664 oratoria
1240 1616 1495 1663 urbanitas
1528 1631 1654 1676 rara,
1695 1630 1783 1662 nec

96 1707 153 1737 ex
193 1694 298 1738 arte
337 1692 554 1752 propria,
603 1691 686 1737 sed
727 1691 788 1737 ad
834 1691 960 1737 hanc
1009 1690 1410 1738 consuetudinem
1459 1690 1781 1737 commodata.

95 1765 221 1811 nihil
262 1769 426 1812 autem
464 1765 667 1812 vetabat
707 1768 756 1811 et
796 1766 1024 1826 componi
1062 1765 1296 1812 materias
1335 1766 1387 1811 in
1433 1765 1525 1811 hoc
1563 1764 1781 1823 idoneas,
1809 1762 1871 1805 15

95 1841 152 1886 ut
191 1841 551 1886 controversiae
591 1841 847 1901 permixtis
881 1839 1065 1887 salibus
1097 1839 1413 1901 fingerentur,
1453 1839 1532 1886 vel
1562 1853 1639 1886 res
1672 1854 1782 1899 pro-

95 1915 215 1974 poni
254 1914 473 1976 singulas
509 1913 571 1959 ad
601 1916 836 1960 iuvenum
867 1914 1019 1960 talem
1046 1915 1459 1960 exercitationem.
1503 1912 1621 1974 quin
1645 1913 1783 1974 ipsae
1810 1911 1871 1954 16

94 1987 212 2034 11130
261 1980 423 2052 (dicae
463 1990 578 2034 sunt
625 2003 680 2034 30
718 1981 998 2050 vocantur),
1048 2003 1168 2048 quas
1218 1989 1362 2035 certis
1411 1986 1580 2034 diebus
1628 1987 1783 2034 festae

95 2062 327 2109 licentiae
389 2061 547 2109 dicere
602 2062 901 2121 solebamus,
957 2063 999 2109 si
1053 2061 1261 2124 paulum
1317 2061 1541 2108 adhibita
1590 2063 1784 2108 ratione

94 2135 397 2199 fingerentur
438 2138 525 2183 aut
565 2136 754 2198 aliquid
793 2138 845 2183 in
885 2136 960 2183 his
995 2138 1177 2183 serium
1211 2151 1404 2197 quoque
1438 2139 1564 2182 esset
1597 2135 1783 2181 admix-

95 2212 216 2271 tum,
256 2210 526 2271 plurimum
564 2212 796 2271 poterant
835 2211 1074 2257 utilitatis
1116 2210 1327 2257 adferre:
1378 2225 1502 2270 quae
1543 2224 1672 2256 nunc
1710 2210 1783 2255 iu-

96 2300 278 2332 venum
317 2285 396 2331 vel
436 2284 529 2331 sibi
568 2284 846 2331 ludentium
887 2286 1174 2331 exercitatio
1217 2287 1302 2331 est.

207 2358 438 2405 Pluribus
480 2362 646 2405 autem
687 2359 968 2406 nominibus
1007 2359 1060 2404 in
1101 2358 1270 2405 eadem
1309 2374 1361 2404 re
1396 2358 1543 2421 vulgo
1576 2359 1784 2404 utimur:
1813 2357 1870 2400 17

97 2448 225 2493 quae
272 2434 439 2479 tamen
494 2434 537 2480 si
599 2432 816 2491 diducas,
880 2449 1019 2480 suam
1071 2432 1322 2493 quandam
1375 2433 1629 2493 propriam
1683 2433 1787 2478 vim

219 2652 271 2689 12
307 2647 584 2701 quibusdam
621 2648 759 2691 decor
792 2657 855 2690 P:
891 2648 1173 2702 quibusdam
1206 2661 1365 2691 eorum
1398 2655 1487 2689 ΜΓ
1512 2647 1681 2702 quibus
1708 2647 1784 2689 (10-

97 2720 230 2749 orum
261 2715 341 2748 AG
368 2710 373 2760 Ι
403 2710 455 2749 ut
487 2716 546 2750 P:
580 2722 651 2751 om
681 2715 850 2749 AGI'M
999 2713 1054 2750 14
1087 2707 1217 2749 cuius
1251 2710 1321 2750 est
1353 2707 1446 2749 add
1478 2707 1621 2750 Halm

100 2770 152 2808 15
188 2765 302 2820 quid
336 2765 506 2820 aliquis
539 2775 596 2810 A:
639 2767 742 2821 quis
777 2767 957 2821 aliquid
993 2774 1082 2808 GM
1112 2766 1322 2821 quisquis
1356 2765 1536 2821 aliquid
1569 2774 1652 2808 Pr

99 2829 154 2867 25
189 2825 342 2882 dicae]
376 2825 460 2869 (1δο
494 2834 546 2880 Ρ,
588 2827 704 2869 idem
736 2827 786 2868 ίη
824 2841 897 2883 my
936 2828 1071 2870 rubro
1105 2825 1228 2868 dicte
1263 2826 1357 2868 sive
1390 2825 1596 2878 dicterie,
1631 2825 1786 2868 dictae

102 2892 139 2926 G
170 2884 298 2928 dicta
329 2886 410 2928 rell
419 2902 435 2939 ,·
467 2884 598 2940 δίκης
630 2900 791 2929 nomen
821 2887 963 2928 solum
996 2887 1201 2930 convenit
