2055 3130
264 85 370 136 228
761 83 1135 136 QVINTILIANI
1165 84 1315 127 INST.
1350 83 1442 128 ΟΒ.

265 220 594 271 ‘maiestatem
639 222 818 269 minuit
869 221 919 269 C.
969 221 1243 283 Corneliu83
1290 239 1405 269 nam
1451 223 1664 271 codicem
1709 223 1935 271 tribunus

263 298 327 358 pl.
368 299 472 357 ipse
511 312 599 356 pro
641 297 866 342 contione
905 292 1060 358 legit'.
1122 298 1318 355 praeter
1355 296 1473 343 haec
1527 298 1712 343 utimur
1759 313 1935 357 propo-

264 370 440 417 sitione
481 372 567 415 aut
605 370 785 428 nostra,
825 371 882 415 ut
922 365 1238 415 ‘adulterium
1278 366 1470 428 obicio’,
1524 373 1612 417 aut
1651 370 1934 424 adversarii,

264 446 322 490 ut
363 440 614 489 ‘adulterii
652 457 841 489 mecum
882 438 1080 504 agitur’‚
1128 445 1212 488 aut
1259 442 1518 501 communi,
1563 445 1620 489 ut
1668 439 1814 490 ‘inter
1859 459 1936 490 me

264 520 313 563 et
352 516 685 562 adversarium
734 516 955 575 quaestio
1005 518 1099 573 est,
1154 518 1264 561 uter
1310 517 1375 562 sit
1419 517 1654 562 intestato
1702 513 1934 577 propior’.
1983 534 2002 565 5

264 604 631 649 nonnumquam
678 588 893 635 diversas
942 603 1133 648 quoque
1180 589 1449 651 iungimus:
1506 585 1614 651 ‘ego
1668 589 1759 636 hoc
1813 589 1936 648 dico,

268 663 575 709 adversarius
615 657 740 708 hoc'.

204 736 235 779 9
377 735 542 782 Habet
578 737 776 781 interim
814 736 914 781 vim
953 735 1316 796 propositionis,
1357 735 1505 781 etiam
1547 736 1587 782 si
1625 751 1712 796 per
1751 750 1801 782 se
1839 751 1938 781 non

267 812 339 856 est
377 809 663 869 propositio,
705 824 814 855 cum
855 810 1073 868 exposito
1112 824 1276 855 rerum
1317 808 1485 855 ordine
1525 808 1809 855 subicimus:
1859 805 1936 855 ‘de

2045 782 2053 825 i

264 883 340 929 his
380 877 714 944 cognoscetis’,
769 885 825 927 ut
864 882 930 928 sit
976 882 1094 928 haec
1141 883 1457 929 commonitio
1504 882 1694 941 iudicis,
1751 897 1845 942 quo
1886 897 1935 929 se
1962 900 2003 932 ιο
2047 869 2051 929 {

265 956 327 1002 ad
367 956 703 1016 quaestionem
755 956 914 1002 acrius
964 954 1190 1001 intendat
1245 958 1293 1001 et
1347 955 1481 1001 velut
1533 955 1746 1015 quodam
1798 958 1937 1002 tactu

263 1031 503 1076 excitatus
565 1028 710 1075 finem
769 1044 871 1075 esse
929 1028 1225 1075 narrationis
1282 1030 1330 1075 et
1380 1030 1579 1074 initium
1630 1029 1936 1089 probationis

262 1103 522 1164 intellegat
585 1105 633 1147 et
701 1102 840 1149 nobis
903 1102 1322 1149 confirmationem
1384 1102 1771 1163 ingredientibus
1833 1102 1936 1162 ipse

265 1191 457 1237 quoque
509 1175 718 1236 quodam
767 1176 909 1222 modo
957 1191 1136 1222 novum
1185 1174 1415 1222 audiendi
1462 1178 1622 1222 sumat
1671 1175 1935 1222 exordium.

824 1300 922 1358 [DE
955 1299 1352 1356 PARTITIONE]
1962 1325 2002 1356 ,5

207 1397 231 1440 1
378 1396 435 1442 V.
477 1395 737 1442 Partitio
780 1399 853 1442 est
892 1398 1170 1442 nostrarum
1211 1397 1297 1442 aut
1336 1395 1604 1442 adversarii
1643 1395 1936 1456 propositio-

263 1487 380 1516 num
431 1472 517 1516 aut
571 1472 888 1530 utrarumque
943 1468 1110 1515 ordine
1167 1468 1421 1516 conlocata
1476 1470 1792 1515 enumeratio.
1845 1469 1937 1515 hac

265 1543 464 1604 quidam
504 1543 742 1589 utendum
781 1558 971 1603 semper
1008 1545 1201 1602 putant,
1241 1542 1371 1602 quod
1412 1558 1468 1589 ea
1507 1542 1593 1589 fiat
1633 1557 1779 1589 causa
1818 1542 1937 1588 luci-

265 1617 371 1664 dior
410 1620 458 1663 et
495 1616 640 1662 iudex
680 1617 916 1663 attentior
963 1631 1020 1663 ac
1067 1616 1293 1675 docilior,
1340 1617 1382 1662 si
1428 1615 1593 1662 scierit
1640 1618 1687 1662 et
1743 1615 1800 1662 de
1842 1631 1936 1676 quo

205 1690 234 1734 2
268 1691 488 1748 dicimus,
543 1693 592 1735 et
630 1689 688 1736 de
729 1706 825 1750 quo
866 1689 1045 1736 dicturi
1082 1692 1253 1750 postea
1292 1705 1470 1736 sumus.
1518 1704 1686 1736 rursus
1734 1688 1936 1749 quidam
1961 1707 2002 1738 20

263 1763 590 1825 periculosum
628 1763 678 1809 id
719 1764 903 1810 oratori
943 1762 1247 1809 arbitrantur
1271 1762 1460 1810 duabus
1494 1779 1549 1809 ex
1582 1763 1766 1809 causis:
1807 1761 1936 1822 quod

262 1853 633 1897 nonnumquam
672 1839 721 1883 et
761 1836 978 1884 excidere
1019 1837 1208 1884 soleant
1247 1852 1371 1896 quae
1411 1836 1739 1896 promisimus,
1790 1839 1853 1893 et,
1893 1837 1936 1882 si

263 1927 360 1972 qua
413 1911 464 1957 in
518 1909 776 1971 partiendo
831 1912 1169 1971 praeterimus,
1225 1925 1496 1957 occurrere:
1553 1910 1684 1970 quod
1739 1909 1934 1969 quidem

263 1986 448 2031 nemini
486 1984 687 2043 accidet,
728 1984 822 2031 nisi
863 1984 947 2045 qui
986 1984 1131 2044 plane
1171 1983 1249 2029 vel
1287 1983 1422 2030 nullo
1455 1983 1604 2029 fuerit
1634 1983 1831 2045 ingenio
1857 1983 1934 2028 vel

204 2059 234 2102 3
268 2058 328 2105 ad
371 2057 611 2120 agendum
650 2057 774 2103 nihil
815 2059 1022 2119 cogitati
1059 2057 1500 2117 praemeditatique
1533 2056 1776 2103 detulerit.
1816 2056 1935 2102 alio-
1960 2073 2000 2105 25

265 2132 349 2192 qui
389 2147 512 2192 quae
551 2134 655 2177 tam
694 2131 955 2178 manifesta
994 2133 1042 2177 et
1081 2130 1244 2178 lucida
1284 2134 1356 2177 est
1402 2131 1531 2177 ratio
1580 2145 1727 2190 quam
1773 2132 1933 2176 rectae

263 2203 579 2266 partitionis?
620 2206 840 2265 sequitur
880 2204 1008 2250 enim
1048 2206 1276 2250 naturam
1324 2203 1495 2250 ducem
1543 2204 1684 2262 adeo,
1732 2206 1786 2249 ut
1835 2219 1935 2249 me-

262 2280 445 2325 moriae
484 2278 533 2324 id
574 2278 839 2324 maximum
880 2278 945 2324 sit
984 2277 1245 2335 auxilium,
1292 2277 1373 2323 via
1420 2277 1612 2324 dicendi
1657 2293 1754 2323 non
1800 2275 1934 2323 dece-

264 2353 389 2399 dere.
431 2354 734 2412 quapropter
772 2368 832 2397 ne
863 2351 975 2398 illos
1008 2351 1205 2412 quidem
1236 2350 1560 2410 probaverim,
1602 2352 1686 2410 qui
1708 2350 1933 2410 partitio-

263 2442 375 2472 nem
413 2428 583 2472 vetant
620 2425 752 2471 ultra
791 2426 880 2472 tris
921 2425 1280 2485 propositiones
1328 2423 1607 2470 extendere:
1656 2439 1782 2484 quae
1829 2425 1932 2470 sine
1958 2440 2000 2472 30

384 2542 405 2578 1
443 2536 490 2577 cf
518 2535 672 2577 Cicero
705 2534 789 2591 frg.
826 2535 877 2577 A.
912 2535 996 2577 VH
1029 2540 1052 2577 5
1086 2534 1146 2576 M.

383 2643 406 2680 3
438 2640 491 2680 ut
522 2653 592 2681 om
633 2639 688 2681 Vt
809 2641 862 2680 10
895 2637 1174 2692 cognoscitis
1203 2645 1290 2679 BP
1312 2637 1510 2693 cognitis
1535 2645 1590 2679 A:
1625 2638 1810 2693 corriyit
1843 2637 1898 2679 Vt
1924 2636 1928 2686 i

263 2697 430 2739 iudicis
462 2711 532 2740 om
563 2705 599 2738 A
722 2701 774 2739 12
817 2699 863 2739 et
901 2696 1107 2753 initium]
1149 2696 1335 2738 initium
1373 2705 1409 2738 A
1540 2701 1590 2738 17
1633 2694 1819 2738 conlata
1850 2702 1939 2737 BP

265 2757 330 2809 (in
362 2756 570 2798 ordinem
610 2755 836 2798 collocata
877 2756 934 2799 Vt
959 2769 992 2810 p
1024 2760 1124 2807 417,
1177 2756 1326 2808 fuitne
1366 2755 1413 2797 in
1455 2755 1663 2797 ordinem
1703 2753 1933 2808 conlata?)

385 2819 436 2857 19
469 2814 692 2857 intentior
722 2822 811 2856 BP
987 2818 1041 2856 20
1077 2814 1284 2856 dicamus
1319 2815 1506 2857 Meister
1534 2817 1538 2869 Ι
1568 2813 1709 2856 simus
1742 2821 1779 2854 A

265 2878 319 2916 25
353 2873 574 2916 adtulerit
606 2873 741 2916 Kroll
861 2877 914 2915 27
941 2873 1056 2915 adeo
1089 2885 1270 2926 quoque
1304 2881 1339 2914 A
