2007 3120
164 105 268 156 102
665 105 1037 158 QVINTILIANI
1065 107 1215 151 INST.
1250 107 1342 151 ΟΒ.

161 246 446 304 sequuntur,
502 245 627 291 sicut
677 261 736 291 ne
787 244 898 292 illos
951 245 1169 306 quidem,
1225 247 1450 307 quotiens
1500 247 1672 306 utique
1729 246 1829 292 suis

106 323 135 367 2
159 316 321 364 verbis
361 319 551 379 signare
592 321 761 364 nostra
799 319 1074 366 voluerunt.
1115 323 1162 366 et
1199 320 1321 366 haec
1359 319 1701 379 interpretatio
1733 334 1832 365 non

160 391 320 436 minus
354 389 477 436 dura
521 394 593 437 est
640 406 789 450 quam
827 391 917 439 1Π3
961 391 1127 439 Plauti
1168 387 1415 439 ‘essentia'
1457 396 1504 438 et
1545 387 1832 452 ‘queentia',

160 462 245 510 sed
283 479 342 509 ne
389 463 590 523 propria
639 464 857 523 quidem,
908 479 1023 511 nam
1078 467 1349 512 oratoria
1390 466 1457 512 sic
1498 465 1725 511 efferetur
1774 467 1831 510 ut

161 535 528 595 elocutoria,
569 538 803 583 oratrix
841 541 897 584 ut
937 539 1253 597 elocutrix,
1292 539 1381 584 illa
1421 541 1601 596 autem,
1641 537 1699 584 de
1733 553 1830 598 qua
1878 553 1898 584 5

161 608 425 669 loquimur,
464 610 704 657 rhetorice
742 610 858 657 talis
899 614 972 658 est
1011 612 1173 672 qualis
1213 612 1507 672 eloquentia.
1561 626 1647 658 nec
1686 610 1831 657 dubie

103 688 134 732 3
161 681 292 743 apud
334 681 543 730 Graecos
577 698 771 744 quoque
804 684 1050 744 duplicem
1079 685 1386 732 intellectum
1409 685 1580 743 habet,
1618 699 1832 744 namque

159 771 257 802 uno
304 755 447 802 modo
502 756 557 802 fit
612 755 890 816 adpositum
941 755 1042 818 [ars
1091 758 1348 816 rhetorica,
1395 759 1534 804 navis
1584 751 1833 820 piratica],

162 829 316 875 altero
363 845 540 876 nomen
587 831 680 889 rei,
735 830 896 891 qualis
952 834 1024 879 est
1073 831 1401 892 philosophia,
1457 831 1690 878 amicitia.
1745 845 1833 877 nos

161 903 321 962 ipsam
362 918 490 949 nunc
528 903 754 950 volumus
795 903 1068 966 significare
1109 904 1450 963 substantiam,
1495 907 1551 950 ut
1589 919 1832 966 gramma·
1857 919 1900 950 ιο
2004 895 2007 914 ⁴

159 975 255 1021 tice
309 975 590 1022 litteratura
660 979 753 1036 est,
815 993 912 1024 non
976 977 1243 1024 litteratrix
1306 994 1451 1038 quem
1513 977 1574 1024 ad
1635 977 1835 1024 modum

162 1050 362 1107 oratrix,
438 1064 525 1096 nec
594 1050 892 1097 litteratoria
963 1067 1102 1111 quem
1184 1051 1245 1098 ad
1319 1050 1518 1098 modum
1595 1051 1833 1097 oratoria:

106 1126 137 1171 4
162 1138 332 1168 verum
371 1121 419 1168 id
460 1124 512 1168 in
551 1122 791 1170 rhetorice
830 1140 928 1171 non
966 1124 1034 1171 fit.
1090 1140 1149 1171 ne
1188 1140 1460 1187 pugnemus
1507 1123 1674 1185 igitur,
1725 1139 1834 1170 cum

163 1196 452 1256 praesertim
506 1197 732 1256 plurimis
789 1197 974 1257 alioqui
1031 1196 1228 1245 Graecis
1283 1200 1347 1245 sit
1401 1196 1657 1256 utendum3
1719 1213 1834 1243 nam

164 1271 292 1315 certe
333 1271 382 1315 et
418 1269 738 1330 philosophos
786 1274 833 1317 et
873 1272 1080 1319 musicos
1122 1274 1170 1318 et
1218 1274 1492 1332 geometras
1540 1270 1700 1316 dicam
1745 1286 1832 1317 nec
1859 1285 1901 1316 15
2003 1307 2007 1333 ,

162 1342 263 1388 vim
304 1342 522 1389 adferam
546 1343 823 1391 nominibus
856 1344 931 1392 his
963 1344 1190 1391 indecora
1223 1344 1273 1391 in
1298 1344 1532 1391 Latinum
1563 1359 1836 1391 sermonem
2003 1337 2007 1349 ⁴

163 1416 456 1462 mutatione:
505 1417 712 1477 denique
754 1433 863 1464 cum
902 1417 965 1463 M.
1007 1418 1198 1464 TuHius
1239 1420 1387 1464 etiam
1425 1418 1546 1478 ipsis
1596 1417 1836 1464 librorum

164 1504 284 1549 quos
323 1489 415 1536 hac
455 1489 512 1536 de
552 1506 603 1536 re
642 1491 855 1551 primum
896 1491 1155 1551 scripserat
1200 1491 1360 1538 titulis
1402 1489 1585 1538 Graeco
1640 1490 1833 1537 nomine
2003 1504 2007 1539 1

161 1565 348 1621 utatur,
385 1563 606 1623 profecto
654 1579 750 1610 non
798 1567 870 1611 est
919 1565 1183 1610 verendum
1236 1581 1296 1611 ne
1349 1568 1530 1611 temere
1577 1563 1835 1611 videamur
1999 1549 2007 1628 l

163 1636 349 1682 oratori
387 1637 599 1683 maximo
640 1637 698 1684 de
737 1638 933 1684 nomine
973 1639 1092 1685 artis
1133 1653 1247 1685 suae
1289 1637 1561 1685 credidisse.
1860 1652 1902 1683 20

107 1715 136 1758 5
271 1709 435 1772 Igitur
486 1710 725 1757 rhetorice
783 1705 904 1773 (iam
959 1713 1088 1757 enim
1143 1713 1246 1758 sine
1307 1715 1443 1758 metu
1505 1711 1834 1758 cavillationis
1994 1631 2007 1808 l

163 1785 357 1829 utemur
394 1783 485 1830 hac
526 1779 879 1848 appellatione)
914 1785 994 1844 sic,
1033 1788 1092 1832 ut
1131 1786 1318 1845 opinor,
1359 1786 1541 1845 optime
1574 1784 1834 1845 dividetur,

90 1863 127 1919 *s
164 1859 221 1903 ut
260 1856 318 1903 de
359 1860 506 1914 arte,
554 1857 611 1904 de
660 1858 923 1917 artifice,
972 1857 1029 1905 de
1077 1874 1250 1919 opere
1297 1858 1528 1905 dicamus.
1584 1873 1677 1906 ars
1725 1859 1833 1916 erit,
1992 1806 2007 1991 ἰ

165 1945 292 1990 quae
332 1930 591 1990 disciplina
630 1932 819 1992 percipi
849 1931 1013 1978 debet:
1054 1947 1109 1977 ea
1142 1935 1214 1979 est
1237 1931 1358 1978 bene
1392 1931 1584 1978 dicendi
1614 1931 1832 1979 scientia.

166 2003 386 2049 artifex
426 2007 512 2061 est,
554 2006 638 2064 qui
670 2007 888 2064 percepit
920 2006 1045 2051 hanc
1078 2008 1256 2052 artem:
1295 2005 1346 2051 id
1378 2008 1451 2052 est
1476 2008 1656 2063 orator,
1695 2006 1833 2051 cuius
1859 2019 1900 2050 ‘25
1995 2013 2003 2034 ἲ

166 2080 238 2123 est
277 2092 466 2123 summa
504 2077 622 2124 bene
664 2078 835 2124 dicere.
878 2093 1045 2138 opus,
1093 2078 1222 2139 quod
1262 2078 1471 2143 efficitur
1517 2077 1577 2124 ab
1626 2077 1833 2125 artifice:
1991 2064 2005 2146 ζ

162 2149 215 2195 id
256 2153 328 2196 est
366 2150 494 2197 bona
534 2151 704 2197 oratio.
745 2151 864 2198 haec
904 2151 1068 2198 omnia
1105 2167 1271 2199 rursus
1312 2151 1608 2198 diducuntur
1645 2152 1698 2197 in
1730 2167 1835 2212 spe-

166 2223 283 2270 cies:
336 2223 418 2270 sed
467 2224 554 2270 illa
594 2226 847 2285 sequentia
898 2241 985 2272 suo
1036 2226 1157 2284 loco,
1208 2241 1333 2272 nunc
1385 2241 1509 2286 quae
1566 2225 1624 2272 de
1674 2227 1835 2286 prima

166 2300 306 2357 parte
344 2297 603 2344 tractanda
645 2301 758 2344 sunt
797 2298 973 2345 ordiar.

286 2455 310 2493 3
342 2451 518 2494 Plauti:
552 2451 682 2494 Flavi
715 2453 768 2494 ed
802 2453 939 2496 Coton
970 2453 1022 2506 cf
1046 2452 1086 2494 X
1112 2458 1151 2505 1,
1187 2457 1270 2495 124
1294 2452 1356 2495 111
1382 2458 1420 2505 6,
1441 2457 1494 2494 23
1647 2457 1673 2494 4
1706 2451 1835 2495 effer-

166 2512 245 2552 tur
267 2518 303 2551 A
426 2515 451 2553 8
486 2513 535 2553 ut
566 2511 695 2553 navis
727 2519 811 2553 ΑΡ
839 2514 906 2566 (ut
939 2525 1011 2554 ars
1042 2512 1294 2563 rhetorica,
1337 2512 1466 2553 navis
1500 2511 1732 2565 Kiderlin)

290 2574 340 2611 11
375 2570 763 2623 quemadmodum
803 2571 976 2613 oratrix
1008 2585 1077 2614 om
1109 2578 1143 2611 Α
1267 2574 1320 2613 13
1352 2570 1402 2612 id
1433 2570 1480 2611 in
1513 2578 1568 2612 A:
1601 2570 1651 2612 in
1682 2577 1771 2612 BP

169 2632 223 2670 15
256 2630 380 2671 certe
422 2629 460 2670 si
499 2628 574 2683 ph.
619 2636 708 2670 BP
737 2629 818 2684 (sic
854 2629 1035 2683 Gesner>
1189 2634 1239 2672 17
1274 2630 1321 2671 in
1354 2629 1467 2684 ipsis
1501 2629 1838 2684 C'apperonnier

286 2691 340 2728 22
375 2687 598 2730 dividitur
628 2695 664 2728 A
787 2692 841 2730 25
873 2688 1073 2743 percipit
1105 2696 1188 2729 ΑΡ
