2007 3120
172 68 241 119 70
670 67 1041 120 QVINTILIANI
1070 68 1221 112 INST.
1255 67 1348 111 OR.

169 222 257 254 nec
296 222 385 268 ego
425 206 644 253 consumi
683 206 960 253 studentem
997 208 1049 252 in
1089 207 1165 254 his
1206 207 1392 254 artibus
1431 208 1565 253 volo:
1613 222 1700 253 nec
1738 223 1839 254 mo-

171 280 366 327 duletur
405 281 491 326 aut
528 281 727 326 musicis
765 281 896 326 notis
936 281 1128 327 cantica
1167 280 1393 340 excipiat,
1443 296 1530 327 nec
1568 282 1739 340 utique
1779 279 1841 326 ad

170 353 499 399 minutissima
537 368 690 412 usque
716 354 1012 414 geometriae
1037 369 1186 414 opera
1218 354 1490 400 descendat.
1530 369 1628 399 non
1653 368 1839 399 comoe-

171 426 288 472 dum
325 427 378 471 in
417 425 780 486 pronuntiando
819 441 907 472 nec
946 427 1232 473 saltatorem
1270 428 1322 472 in
1361 428 1501 489 gestu
1525 426 1675 473 facio:
1717 441 1840 486 quae

171 501 214 547 si
252 500 417 546 omnia
456 500 711 561 exigerem,
751 499 1099 559 suppeditabat
1135 502 1302 546 tamen
1339 502 1555 560 tempus,
1594 500 1743 560 longa
1768 501 1841 546 est

171 574 314 632 enim,
356 587 480 632 quae
519 572 679 631 discit,
727 575 876 631 aetas,
927 576 977 618 et
1026 588 1114 634 ego
1165 588 1264 619 non
1314 572 1372 619 de
1421 572 1577 619 tardis
1630 573 1841 634 ingeniis

85 652 146 697 15
171 647 358 706 loquor.
399 645 607 705 denique
648 661 733 691 cur
770 646 823 691 in
861 645 936 692 his
976 645 1215 704 omnibus,
1256 662 1379 707 quae
1404 645 1634 692 discenda
1659 646 1843 692 oratori

171 720 340 766 futuro
379 722 515 778 puto,
555 718 762 765 eminuit
799 717 981 764 Plato?
1023 721 1107 779 qui
1145 735 1243 765 non
1269 721 1523 765 contentus
1556 718 1843 779 disciplinis,

174 807 294 852 quas
332 794 582 853 praestare
621 793 851 852 poterant
890 792 1126 851 Athenae,
1166 808 1263 838 non
1301 792 1740 855 Pythagoreorum,
1780 792 1843 838 ad

173 880 294 926 quos
333 866 385 910 in
423 865 622 912 Italiam
676 866 1013 926 navigaverat,
1066 865 1284 926 Aegypti
1332 881 1523 926 quoque
1570 865 1843 912 sacerdotes

173 938 297 985 adiit
335 940 482 998 atque
522 953 690 985 eorum
730 953 908 985 arcana
946 938 1220 999 perdidicit.

86 1017 148 1061 16
282 1011 605 1058 Difficultatis
659 1012 936 1072 patrocinia
993 1013 1323 1072 praeteximus
1379 1013 1638 1075 segnitiae,
1689 1026 1845 1071 neque

174 1085 302 1131 enim
327 1085 467 1132 nobis
493 1085 651 1146 operis
686 1100 823 1131 amor
848 1088 935 1145 est,
973 1101 1076 1145 nec,
1116 1087 1232 1146 quia
1265 1088 1329 1132 sit
1366 1085 1571 1132 honesta
1597 1101 1653 1132 ac
1683 1100 1845 1131 rerum

172 1158 502 1219 pulcherrima
542 1158 836 1218 eloquentia,
876 1159 1066 1219 petitur
1103 1159 1226 1219 ipsa,
1273 1159 1357 1206 sed
1401 1159 1462 1205 ad
1509 1159 1658 1204 vilem
1703 1173 1847 1204 usum

88 1237 146 1280 17
174 1234 224 1279 et
262 1231 511 1279 sordidum
557 1233 747 1278 lucrum
795 1233 1105 1294 accingimur.
1159 1232 1324 1279 dicant
1372 1232 1473 1278 sine
1519 1232 1595 1279 his
1641 1233 1692 1278 in
1740 1231 1845 1278 foro
1894 1247 1911 1278 5

173 1305 318 1352 multi
359 1308 407 1352 et
447 1305 725 1365 adquirant,
776 1305 892 1351 dum
944 1307 1008 1352 sit
1055 1306 1347 1366 locupletior
1397 1306 1575 1365 aliquis
1623 1304 1845 1352 sordidae

174 1380 348 1426 mercis
388 1379 669 1441 negotiator
709 1381 757 1425 et
795 1379 905 1439 plus
946 1381 1055 1426 voci
1095 1395 1208 1425 suae
1250 1378 1424 1425 debeat
1446 1394 1635 1439 praeco.
1675 1393 1735 1425 ne
1767 1393 1847 1423 ve·

173 1452 263 1499 lim
301 1451 499 1513 quidem
537 1453 769 1498 lectorem
808 1452 915 1499 dari
938 1453 1075 1511 mihi,
1115 1452 1233 1513 quid
1272 1452 1435 1499 studia
1466 1453 1694 1511 referant,
1720 1467 1846 1497 com-

90 1530 149 1575 18
174 1527 476 1586 putaturum.
521 1527 606 1585 qui
651 1541 765 1572 vero
805 1525 1070 1588 imaginem
1121 1527 1279 1586 ipsam
1326 1526 1633 1586 eloquentiae
1680 1524 1848 1570 divina

177 1599 390 1660 quadam
429 1601 591 1645 mente
632 1601 909 1658 conceperit
949 1601 1129 1660 quique
1169 1599 1320 1659 illam,
1369 1602 1423 1645 ut
1463 1600 1534 1645 ait
1571 1614 1669 1646 non
1709 1599 1846 1660 igno·

175 1672 288 1720 bilis
349 1674 581 1734 tragicus,
639 1668 876 1735 ‘reginam
943 1689 1104 1719 rerum
1160 1667 1450 1719 orationem'
1515 1674 1667 1732 ponet
1736 1673 1848 1717 ante

177 1746 341 1793 oculos
396 1746 704 1806 fructumque
757 1761 852 1792 non
921 1762 978 1791 ex
1032 1747 1159 1807 stipe
1215 1746 1606 1804 advocationum,
1660 1744 1743 1792 sed
1794 1760 1848 1790 ex

178 1821 341 1866 animo
382 1834 468 1866 suo
509 1822 558 1866 et
595 1819 1007 1879 contemplatione
1048 1835 1102 1866 ac
1143 1821 1348 1866 scientia
1386 1821 1521 1879 petet
1558 1821 1850 1879 perpetuum

176 1893 319 1939 illum
357 1908 443 1939 nec
483 1893 708 1939 fortunae
749 1892 1041 1955 subiectum,
1088 1893 1232 1939 facile
1272 1892 1584 1953 persuadebit
1631 1892 1745 1949 sibi,
1793 1894 1850 1936 ut

176 1969 414 2027 tempora,
456 1981 579 2026 quae
619 1967 924 2026 spectaculis,
965 1982 1151 2027 campo,
1191 1967 1400 2014 tesseris.
1441 1966 1610 2013 otiosis
1642 1965 1849 2025 denique
1899 1981 1916 2012 5

179 2039 496 2099 sermonibus,
543 2055 602 2084 ne
649 2040 809 2086 dicam
849 2055 1017 2086 somno
1069 2042 1116 2086 et
1163 2040 1499 2086 conviviorum
1548 2055 1686 2086 mora
1740 2053 1850 2085 con-

179 2116 421 2172 teruntur,
475 2116 750 2174 geometrae
812 2114 976 2172 potius
1032 2129 1087 2159 ac
1134 2114 1317 2159 musico
1364 2112 1613 2173 inpendat,
1666 2113 1851 2173 quanto

179 2186 292 2247 plus
369 2186 706 2233 delectationis
767 2186 1024 2234 habiturus
1102 2203 1248 2247 quam
1322 2202 1376 2232 ex
1444 2186 1544 2233 illis
1619 2184 1853 2231 ineruditi

180 2259 531 2320 voluptatibus.
610 2260 744 2306 dedit
821 2260 949 2306 enim
1020 2261 1111 2306 hoc
1190 2260 1500 2321 providentia
1573 2257 1852 2306 hominibus

94 2342 156 2386 19
180 2349 373 2392 munus,
412 2335 468 2380 ut
506 2334 709 2380 honesta
748 2335 904 2394 magis
944 2335 1183 2380 iuvarent.
1225 2333 1308 2380 sed
1346 2349 1432 2380 nos
1464 2334 1583 2379 haec
1614 2333 1721 2393 ipsa
1747 2331 1852 2377 dul-

182 2406 297 2454 cedo
337 2407 529 2468 longius
562 2407 714 2453 duxit.
753 2407 987 2453 hactenus
1028 2422 1142 2469 ergo
1184 2407 1241 2453 de
1267 2407 1456 2465 studiis,
1497 2406 1685 2467 quibus,
1719 2407 1852 2451 ante-

183 2495 332 2541 quam
370 2481 558 2526 maiora
598 2482 776 2540 capiat,
815 2496 937 2541 puer
960 2480 1290 2528 instituendus
1316 2486 1408 2528 est:
1448 2481 1698 2541 proximus
1729 2478 1854 2525 liber

181 2554 318 2600 velut
355 2569 533 2600 novum
560 2556 718 2601 sumet
750 2553 1003 2600 exordium
1028 2557 1075 2600 et
1100 2554 1162 2600 ad
1185 2553 1392 2601 rhetoris
1417 2553 1578 2600 officia
1609 2551 1853 2600 transibit.

301 2683 356 2720 20
388 2679 613 2721 Pacuvius
646 2693 669 2719 v
707 2683 787 2721 177
822 2678 957 2721 Ribb.
993 2679 1041 2720 cf
1067 2678 1315 2734 Euripides
1346 2678 1455 2721 Hec.
1489 2681 1574 2721 816

304 2802 324 2838 1
359 2796 568 2851 partibus
587 2804 622 2837 Α
744 2801 768 2838 5
803 2798 848 2838 et
865 2795 1005 2851 longa
1022 2803 1058 2837 A
1174 2801 1227 2838 14
1253 2795 1394 2839 vilem
1410 2803 1514 2838 BP:
1532 2795 1742 2838 venalem
1760 2803 1795 2836 Α

186 2860 237 2897 17
256 2868 340 2898 nec
357 2854 495 2897 velim
513 2863 547 2895 A
593 2859 647 2896 28
664 2855 904 2911 ineruditi]
920 2854 1165 2898 ineruditis
1177 2855 1282 2898 libri
1325 2859 1378 2897 29
1394 2855 1480 2897 hoc
1491 2867 1674 2909 quoque
1683 2867 1807 2909 prov.
1819 2861 1853 2894 A

1869 882 1911 912 10

1873 1614 1915 1645 20

1877 2347 1919 2379 30
