2055 3130
678 60 754 103 IV.
789 65 830 113 4,
864 63 993 103 8-9.
1028 65 1067 112 5,
1105 64 1232 103 1-8,
1695 61 1803 112 229

119 200 283 259 dubio,
323 202 364 248 si
404 201 611 247 nimium
652 200 717 246 sit
754 199 1040 260 multiplex,
1086 199 1247 261 fugiet
1293 200 1582 246 memoriam
1628 200 1805 246 iudicis=

119 278 168 321 et
217 274 440 321 turbabit
490 275 830 333 intentionem,
886 273 977 319 hoc
1033 275 1201 319 tamen
1255 288 1458 319 numero
1510 274 1648 320 velut
1696 274 1804 335 lege

118 364 216 395 non
266 355 339 395 est
389 347 665 410 alliganda,
722 362 832 393 cum
885 348 1044 407 possit
1095 362 1242 392 causa
1302 347 1460 407 pluris
1516 347 1804 393 desiderare.

120 423 218 468 3113
259 425 374 468 511111
411 421 584 483 magis,
637 423 842 481 propter
883 435 1007 480 quae
1046 421 1316 480 partitione
1357 436 1455 466 non
1506 436 1697 482 semper
1736 421 1799 467 sit
1833 423 1863 468 4

73 512 92 543 5
117 495 377 542 utendum:
409 496 637 556 primum,
680 496 796 554 quia
836 495 1074 555 pleraque
1106 496 1327 556 gratiora
1360 498 1488 552 sunt,
1529 497 1571 541 si
1601 496 1804 541 inventa

118 569 279 616 subito
319 584 407 615 nec
447 568 591 615 domo
633 568 801 628 allata,
851 568 934 615 sed
980 570 1111 615 inter
1157 568 1419 615 dicendum
1474 584 1529 615 ex
1584 585 1636 616 re
1697 570 1806 630 ipsa

115 645 234 689 nata
272 642 558 702 videantur,
598 642 727 689 unde
766 642 857 689 illa
895 658 994 688 non
1032 642 1304 689 iniucunda
1342 643 1592 689 schemata
1635 639 1806 703 ‘paene

117 715 295 763 excidit
334 712 476 763 mihi'
520 722 569 762 et
602 712 819 778 ‘fugerat
848 712 944 763 me'
973 718 1022 762 et
1049 712 1196 763 ‘recte
1223 712 1497 776 admones’3
1536 717 1805 777 propositis

116 790 247 836 enim
307 789 685 853 probationibus
749 790 906 836 omnis
960 790 1013 835 in
1081 790 1287 837 relicum
1350 792 1513 853 gratia
1568 790 1806 838 novitatis

50 880 92 912 1ο
115 866 467 925 praecerpitur.
519 865 720 911 interim
765 880 882 911 vero
931 864 1082 911 etiam
1127 864 1373 911 fallendus
1430 867 1501 912 est
1555 864 1700 911 iudex
1755 874 1803 911 et

115 940 269 985 variis
296 937 486 986 art-ibus
520 937 816 997 subeundus,
856 941 912 984 ut
938 938 1075 984 aliud
1109 940 1204 1001 agi,
1246 955 1396 999 quam
1423 938 1552 1000 quod
1577 938 1806 999 petimus,

113 1014 273 1073 putet.
313 1028 429 1058 nam
470 1014 543 1059 est
582 1028 954 1073 nonnumquam
993 1011 1116 1059 dura
1155 1013 1445 1073 propositio,
1487 1029 1635 1073 quam
1658 1013 1808 1059 iudex

117 1086 158 1132 si
197 1086 431 1147 providit,
471 1102 569 1133 non
611 1086 756 1133 aliter
778 1086 1151 1148 praeformidat,
1193 1102 1342 1148 quam
1383 1087 1468 1147 qui
1499 1087 1683 1134 ferrum
1707 1087 1806 1133 me-

117 1160 216 1207 dici
255 1161 392 1222 prius
435 1176 583 1220 quam
623 1164 820 1207 curetur
860 1162 1073 1222 aspexit:
1129 1162 1182 1207 at
1229 1161 1269 1207 si
1308 1177 1360 1207 re
1400 1177 1498 1207 non
1539 1163 1653 1208 ante
1695 1177 1806 1222 pro-

0 1259 1 1267 *
49 1250 90 1283 15
116 1236 281 1294 posita
321 1249 546 1281 securum
601 1250 656 1281 ac
695 1235 834 1281 nulla
875 1235 1251 1282 denuntiatione
1305 1237 1358 1281 in
1413 1251 1462 1282 se
1516 1250 1806 1282 conversum

114 1310 318 1355 intrarit
358 1308 531 1368 orat-io,
573 1308 765 1369 efficiet,
815 1309 946 1370 quod
991 1310 1306 1370 promittenti
1358 1325 1456 1356 non
1512 1309 1805 1356 crederetur.

1836 868 1864 912 ΘΙ

113 1384 316 1430 interim
353 1382 646 1445 refugienda
686 1398 784 1429 non
831 1383 976 1430 modo
1026 1383 1280 1431 distinct-io
1330 1385 1677 1444 quaestionum
1717 1386 1802 1443 est,
1836 1386 1865 1429 6

115 1457 198 1504 sed
241 1458 438 1504 omnino
464 1460 721 1504 tractatio:
763 1457 1039 1504 adfectibus
1064 1457 1337 1505 turbandus
1365 1460 1412 1504 et
1447 1458 1506 1505 ab
1531 1457 1805 1505 intentione

115 1531 412 1579 auferendus
455 1531 663 1578 auditor.
719 1548 817 1578 non
859 1533 989 1578 enim
1031 1533 1189 1578 50111111
1237 1532 1448 1579 oratoris
1497 1535 1571 1579 est
1619 1532 1805 1591 docere,

47 1621 91 1652 ρο
117 1604 201 1652 5οᾶ
239 1606 350 1666 plus
393 1606 674 1666 eloquentia
715 1607 844 1653 circa
890 1606 1188 1653 movendum
1235 1606 1381 1653 valet.
1438 1607 1518 1653 cui
1570 1607 1645 1653 rei
1695 1622 1805 1654 con-

113 1680 270 1726 traria
312 1682 386 1726 est
424 1681 637 1726 maxime
676 1681 838 1726 tenuis
879 1680 968 1726 illa
1010 1683 1058 1727 et
1098 1681 1380 1742 scrupulose
1411 1682 1464 1727 in
1487 1681 1646 1741 partis
1673 1684 1805 1728 secta

114 1753 372 1800 divisionis
414 1753 673 1817 diligentia
715 1770 770 1801 eo
811 1759 1046 1815 tempore,
1089 1771 1185 1815 quo
1227 1755 1541 1817 cognoscenti
1564 1755 1806 1802 iudicium

114 1843 351 1874 conamur
391 1829 595 1875 auferre.
652 1828 772 1889 quid
812 1828 944 1888 quod
989 1830 1190 1875 interim
1247 1844 1373 1890 quae
1427 1844 1515 1890 per
1570 1844 1618 1875 se
1673 1829 1801 1875 levia

115 1904 231 1948 sunt
271 1904 319 1949 et
357 1901 568 1960 infirma,
623 1902 770 1949 turba
810 1901 1014 1949 valent?
1065 1903 1273 1964 ideoque
1330 1903 1637 1965 congerenda
1692 1907 1805 1950 sunt

48 1992 90 2023 25
114 1976 281 2037 potius
322 1979 371 2022 et
409 1976 547 2023 velut
587 1977 844 2037 eruptione
883 1976 1234 2040 pugnandum:
1276 1977 1407 2038 quod
1445 1979 1613 2024 tamen
1636 1993 1804 2024 rarum

115 2065 218 2097 esse
260 2049 404 2096 debet
444 2052 493 2097 et
533 2067 590 2097 ex
629 2052 920 2098 necessitate
954 2051 1163 2111 demum,
1205 2067 1315 2098 cum
1338 2052 1429 2098 hoc
1454 2051 1631 2112 ipsum,
1673 2052 1805 2113 quod

1840 1831 1862 1874 ἲ

114 2124 351 2171 dissimile
389 2126 575 2171 rationi
615 2127 702 2185 est,
745 2126 958 2188 coegerit
995 2127 1139 2172 ratio.
1179 2128 1378 2186 praeter
1415 2126 1535 2172 haec
1574 2127 1627 2172 in
1667 2127 1802 2172 omni
1835 2127 1863 2171 8

113 2198 384 2258 partitione
425 2202 498 2246 est
551 2200 726 2259 utique
783 2199 973 2260 aliquid
1025 2201 1450 2261 potentissimum,
1507 2200 1639 2261 quod
1694 2216 1805 2247 011111

115 2272 310 2320 audivit
347 2273 510 2333 iudex,
563 2277 723 2321 cetera
762 2276 1019 2334 tamquam
1062 2289 1368 2334 supervacua
1409 2276 1608 2337 gravari
1663 2275 1803 2321 solet.

48 2363 91 2394 30
113 2348 299 2407 itaque,
340 2347 375 2393 51
419 2347 565 2408 plura
603 2348 682 2394 vel
723 2347 979 2394 obicienda
1019 2352 1134 2395 sunt
1172 2349 1253 2395 vel
1292 2348 1538 2408 diluenda,
1579 2352 1626 2396 et
1664 2349 1803 2395 utilis

116 2424 165 2467 et
202 2420 419 2468 iucunda
464 2421 671 2482 part-itio
728 2425 816 2481 est,
871 2424 940 2482 ut,
998 2438 1093 2483 quo
1149 2439 1346 2484 quaque
1403 2422 1460 2469 de
1514 2438 1565 2469 re
1621 2423 1805 2470 dicturi

115 2510 281 2542 sumus
323 2495 507 2554 ordine,
549 2499 810 2557 appareat:
860 2499 925 2556 at,
965 2498 1008 2542 si
1046 2514 1197 2543 unum
1240 2497 1423 2544 crimen
1463 2498 1599 2544 varie
1639 2497 1803 2544 defen-

236 2684 259 2721 7
294 2679 384 2723 Cic.
417 2681 544 2724 Verr.
580 2686 620 2734 4,
648 2686 687 2734 3,
715 2688 739 2725 5

236 2817 288 2855 12
323 2816 483 2871 qua-m]
518 2814 641 2869 quod
672 2823 709 2856 A
833 2820 887 2858 18
922 2815 979 2857 ab
1014 2829 1084 2858 om
1116 2823 1161 2857 B
1288 2820 1342 2857 22
1377 2815 1687 2872 cognoscendi
1717 2822 1808 2857 BP

235 2876 288 2915 31
323 2887 414 2926 quo
450 2874 668 2930 Mam-iq:
701 2874 825 2928 quod
857 2882 902 2916 B
932 2875 1045 2928 quid
1078 2882 1162 2916 ΛΡ
1281 2879 1334 2916 32
1370 2876 1512 2917 simus
1545 2875 1686 2917 Halm
