2055 3130
643 56 718 100 ΙΠ.
753 62 793 111 3,
828 61 1015 101 12—15.
1048 60 1090 112 4,
1125 60 1283 101 1—10.
1703 57 1808 109 135

126 197 391 257 firmamus,
422 198 766 258 praecipimus,
801 196 1005 244 obscure
1037 196 1170 243 dicta
1200 197 1599 256 interpretamur,
1638 213 1808 244 narra-

126 287 249 331 mus,
290 271 624 332 deprecamur,
657 270 845 332 gratias
873 271 1078 333 agimus,
1111 271 1435 332 gratulamur,
1477 270 1807 332 obiurgamus,

125 345 476 404 maledicimus,
529 343 861 403 describimus,
911 344 1218 403 mandamus,
1263 345 1619 403 renuntiamuS,
1671 346 1808 404 opta-

127 435 249 479 mus,
291 420 563 480 opinamur,
603 418 820 478 plurima
861 416 993 464 alia‘?
1032 421 1089 464 ut
1126 418 1252 464 mibi
1289 419 1341 464 in
1380 418 1470 465 illa
1501 420 1666 465 vetere
1699 434 1807 478 per-

82 510 100 541 5
127 493 349 540 suasione
388 492 700 553 permanenti
737 492 874 538 velut
911 492 1124 553 petenda
1163 493 1230 538 sit
1266 491 1412 538 venia
1453 491 1808 552 quaerendum-

58 879 99 910 10

56 1990 96 2021 25

128 583 236 627 que,
279 582 374 627 quo
412 565 536 612 moti
575 565 765 626 priores
804 582 909 612 rem
946 568 1046 612 tam
1089 566 1190 612 late
1238 565 1399 613 fusam
1438 568 1544 612 tam
1593 565 1810 612 breviter

126 641 490 687 adstrinxerint.
540 654 662 700 quos
705 639 788 700 qui
828 655 1013 687 errasse
1053 642 1256 700 putant,
1301 639 1392 686 hoc
1441 642 1631 687 secutos
1680 639 1809 685 arbi-

124 716 336 774 trantur,
377 713 507 774 quod
545 715 597 759 in
635 713 712 760 his
753 714 854 760 fere
902 714 1088 760 versari
1129 717 1238 760 tum
1286 715 1504 760 oratores
1552 713 1807 772 Videbant3

124 804 239 835 nam
280 790 328 834 et
351 787 520 834 laudes
547 803 603 835 ac
627 788 1016 848 vituperationes
1042 787 1399 847 scribebantur,
1439 790 1487 834 et
1518 785 1809 848 ἐπιταφίους
1870 787 1889 798 “

125 862 284 909 dicere
325 865 430 909 erat
468 863 632 920 moris,
673 864 720 908 et
758 861 1028 922 plurimum
1067 863 1120 909 in
1160 862 1377 909 consiliis
1419 877 1475 909 ac
1506 861 1702 908 iudiciis
1734 863 1810 907 in-

124 935 409 983 sumebatur
448 951 639 997 operae,
678 938 736 983 ut
774 935 1036 997 scriptores
1078 937 1260 982 artium
1291 951 1381 996 pro
1423 936 1540 983 solis
1574 951 1808 996 conpren-

124 1010 286 1057 derint
341 1010 754 1070 frequentissima.
827 1009 910 1070 qui
963 1026 1078 1057 vero
1131 1010 1413 1069 defendunt,
1467 1011 1566 1057 tria
1621 1010 1810 1056 faciunt

123 1099 303 1148 genera
329 1083 631 1130 auditorum:
671 1100 841 1144 unum,
869 1084 999 1144 quod
1032 1084 1093 1130 ad
1127 1084 1500 1131 delectationem
1535 1085 1810 1143 conveniat,

124 1159 351 1217 alterum,
391 1158 521 1219 quod
562 1159 825 1206 consilium
866 1159 1093 1219 accipiat,
1123 1158 1354 1218 tertium,
1393 1158 1526 1220 quod
1557 1158 1615 1203 de
1649 1159 1809 1205 causis

79 1250 98 1280 5
123 1233 319 1279 iudicet.
360 1232 483 1278 mihi
524 1235 700 1279 cuncta
738 1234 943 1278 rimanti
983 1236 1031 1279 et
1069 1233 1186 1280 talis
1237 1232 1483 1293 quaedam
1528 1233 1656 1280 ratio
1706 1248 1810 1279 suc-

125 1307 292 1366 currit,
334 1307 463 1367 quod
503 1322 646 1353 omne
698 1307 936 1354 orationis
985 1306 1203 1354 officium
1256 1310 1343 1353 aut
1389 1307 1441 1352 in
1487 1307 1684 1353 iudiciis
1737 1309 1811 1353 est

125 1383 212 1427 aut
272 1384 410 1428 extra
463 1380 662 1428 iudicia.
719 1396 901 1440 eorum,
957 1381 1015 1428 de
1071 1381 1249 1442 quibus
1302 1381 1484 1428 iudicio
1541 1381 1810 1442 quaeritur,

123 1456 441 1502 manifestum
480 1458 555 1502 est
593 1471 768 1517 genus:
821 1471 891 1515 ea,
932 1471 1059 1516 quae
1100 1455 1161 1502 ad
1200 1455 1411 1502 iudicem
1452 1471 1549 1502 non
1590 1456 1810 1515 veniunt,

124 1531 210 1576 aut
248 1530 572 1590 praeteritum
620 1529 805 1576 habent
850 1533 1045 1591 tempus
1102 1532 1187 1576 aut
1239 1530 1484 1576 futurum:
1539 1529 1810 1590 praeterita

56 1620 75 1650 2
123 1603 383 1651 laudamus
425 1606 510 1650 aut
549 1605 905 1664 vituperamus,
957 1604 1015 1651 de
1062 1603 1243 1650 futuris
1295 1603 1639 1651 deliberamus.
1688 1605 1810 1650 item

124 1679 304 1737 omnia,
345 1677 402 1724 de
444 1677 620 1738 quibus
662 1677 918 1724 dicendum
961 1680 1047 1738 est,
1089 1680 1178 1724 aut
1210 1680 1343 1724 certa
1376 1680 1476 1725 sint
1506 1693 1701 1725 necesse
1736 1681 1810 1725 est

124 1755 210 1799 aut
249 1751 412 1798 dubia.
453 1755 601 1809 certa,
640 1756 695 1798 ut
737 1754 910 1812 cuique
944 1755 1019 1799 est
1044 1753 1251 1812 animus,
1290 1752 1464 1799 laudat
1496 1755 1582 1799 aut
1616 1752 1810 1813 culpat,

123 1842 181 1873 ex
221 1825 382 1873 dubiis
421 1827 607 1887 partim
646 1825 787 1874 nobis
820 1827 942 1886 ipsis
969 1827 1031 1873 ad
1063 1826 1353 1873 electionem
1385 1828 1501 1874 sunt
1531 1826 1711 1873 libera:
1752 1826 1810 1873 de

121 1900 198 1947 his
239 1900 559 1957 deliberatum
607 1901 789 1961 partim
834 1901 1046 1948 aliorum
1097 1902 1369 1948 sententiae
1417 1903 1698 1948 commissa:
1751 1900 1809 1947 de

121 1974 196 2021 his
236 1975 325 2022 lite
365 1974 689 2021 contenditur.

232 2050 562 2096 Anaximenes
602 2049 885 2095 iudicialem
926 2052 973 2096 et
1007 2049 1339 2096 contionalem
1367 2049 1611 2111 generalis
1644 2052 1807 2110 partes

124 2138 227 2170 esse
281 2123 458 2184 voluit,
506 2126 693 2185 septem
746 2129 912 2170 autem
959 2125 1166 2183 species:
1213 2124 1461 2183 hortandi,
1502 2123 1809 2184 dehortandi,

121 2197 372 2257 laudandi,
428 2197 759 2259 vituperandi,
811 2198 1086 2257 accusandi,
1142 2197 1449 2258 defendendi,
1506 2197 1810 2259 exquirendi,

125 2271 256 2331 quod
294 2269 592 2330 ἐξεταστικόν
633 2272 774 2318 dicit:
815 2287 1024 2332 quarum
1071 2271 1195 2319 duae
1241 2273 1430 2332 primae
1486 2272 1810 2331 deliberativi,

58 2362 101 2393 30
126 2345 250 2392 duae
275 2348 532 2406 sequentes
558 2345 951 2406 demonstrativi,
976 2350 1075 2393 tres
1107 2347 1312 2393 ultimae
1343 2346 1592 2394 iudicialis
1617 2346 1810 2409 generis

126 2424 240 2467 sunt
278 2423 459 2481 partes.
500 2419 810 2483 Protagoran
847 2423 1061 2480 transeo,
1101 2421 1188 2481 qui
1217 2420 1571 2483 interrogandi,
1611 2436 1810 2481 respon·
1837 2418 1899 2462 10

126 2493 285 2553 dendi,
316 2494 600 2554 mandandi,
631 2493 865 2554 precandi
898 2495 1029 2555 quod
1061 2493 1277 2558 εὐχωλήν
1310 2494 1449 2555 dixit,
1480 2498 1646 2556 partes
1679 2495 1809 2542 solas

124 2571 286 2627 putat.
326 2568 472 2615 Plato
521 2570 574 2614 in
623 2567 853 2629 Sophiste
903 2568 1129 2615 iudiciali
1183 2571 1232 2615 et
1286 2569 1555 2616 contionali
1608 2570 1809 2615 tertiam

245 2698 298 2737 31
333 2693 381 2738 cf
410 2694 611 2752 Spengel
642 2695 740 2737 Art.
775 2694 931 2750 script.
965 2709 996 2749 p
1028 2699 1086 2737 44
1119 2722 1173 2726 —
1207 2699 1261 2737 33
1294 2711 1325 2751 p
1360 2700 1444 2738 222
1479 2694 1525 2738 C.

244 2816 272 2854 4
302 2812 522 2870 plurima]
564 2816 611 2855 et
641 2812 777 2869 plura
809 2820 854 2855 P
983 2817 1037 2856 16
1071 2813 1267 2856 oratoris
1301 2821 1345 2856 P
1482 2819 1536 2856 26
1571 2815 1617 2856 et
1647 2821 1705 2857 A:
1739 2827 1809 2857 om

125 2878 215 2913 BP
242 2873 419 2915 tertiam
446 2878 625 2927 partem
657 2873 916 2916 desiderant
946 2874 1001 2916 P.
1043 2873 1271 2916 Victorius
1303 2873 1472 2928 aliique
