2055 3130
258 54 365 106 248
756 53 1129 106 QVINTILIANI
1159 53 1308 97 1Ν5Τ.
1344 33 1436 97 011.

259 194 399 252 mori,
440 194 577 240 6111115
619 208 703 240 cor
741 195 815 239 est
851 193 1180 250 vulneratum,
1222 192 1352 253 quod
1389 192 1564 253 futuri,
1611 207 1803 240 necesse
1844 197 1929 240 est.

258 281 346 312 nec
384 265 491 312 fieri
528 267 691 326 potest
729 268 785 312 ut
822 265 893 312 ibi
930 267 1100 313 messis
1141 267 1219 325 sit,
1259 266 1343 312 ubi
1382 268 1543 312 satum
1590 282 1687 313 non
1734 269 1820 326 est,
1875 270 1931 314 ut

262 340 370 399 quis
409 339 592 385 Romae
632 340 711 398 sit,
753 354 863 385 cum
902 342 975 386 est
1013 339 1236 398 Athenis,
1274 342 1332 385 ut
1369 339 1434 386 sit
1472 339 1599 386 ferro
1630 340 1930 400 vulneratus,

201 413 231 456 6
264 414 349 473 qui
387 412 489 459 sine
529 413 754 459 cicatrice
793 414 878 458 est.
920 412 1002 458 sed
1043 412 1282 472 quaedam
1321 413 1368 458 et
1398 415 1663 459 retrorsum
1696 412 1825 468 idem
1847 429 1930 460 va-

260 486 377 544 lent,
416 487 472 531 ut
510 486 673 532 vivere
713 485 960 532 hominem
1001 487 1087 545 qui
1126 487 1295 546 spirat,
1336 487 1385 531 et
1423 486 1609 545 spirare
1659 487 1746 546 qui
1790 486 1930 532 vivit.
1978 503 1998 535 5

262 558 502 618 quaedam
540 559 593 604 in
639 559 939 605 contrarium
985 574 1083 604 non
1135 561 1414 618 recurrunt,
1475 574 1563 605 nec
1617 562 1760 618 enim,
1816 559 1932 619 quia
2039 555 2042 563 ’

259 634 484 678 movetur
532 632 615 691 qui
662 631 960 693 ingreditur,
1015 633 1165 678 etiam
1218 632 1494 694 ingreditur
1556 633 1640 692 qui
1694 635 1931 678 movetur.

207 707 230 749 7
267 720 416 765 quare
455 707 620 765 potest
659 707 707 751 et
731 706 882 752 coisse
924 721 1032 751 cum
1062 705 1184 764 viro,
1225 721 1349 765 quae
1381 721 1480 752 non
1510 706 1715 766 peperit,
1756 708 1805 752 et
1835 721 1933 752 non

265 793 367 825 esse
406 781 579 825 ventus
619 780 672 824 in
713 778 852 837 mari,
909 794 1016 825 cum
1064 780 1139 825 est
1182 778 1373 838 fluctus,
1426 794 1582 838 neque
1629 779 1798 839 utique
1851 793 1934 825 cor

264 853 367 897 61115
405 852 717 898 vulneratum
756 866 873 910 esse,
914 853 998 912 qui
1035 853 1178 912 perit.
1221 867 1275 898 ac
1315 852 1542 898 similiter
1580 854 1742 898 satum
1779 852 1932 899 fuisse
1958 870 2001 902 ιο

262 926 440 984 potest,
478 925 564 971 ubi
603 941 701 972 non
740 925 837 971 fuit
882 927 1065 985 messis,
1114 941 1201 972 nec
1249 925 1398 971 fuisse
1450 925 1648 985 Romae,
1704 926 1792 986 qui
1835 941 1934 972 non

265 998 361 1044 fuit
399 997 623 1060 Athenis,
663 1013 751 1045 1166
790 999 938 1045 fuisse
978 999 1105 1045 ferro
1145 999 1445 1057 vulnerat-us,
1493 998 1576 1059 qui
1623 998 1771 1044 habet
1810 999 1933 1046 6163-

262 1071 449 1118 tricem.

202 1144 231 1188 8
375 1144 490 1191 Α113
529 1148 643 1192 sunt
683 1146 823 1207 signa
862 1161 973 1191 non
1011 1147 1370 1203 necessaria,
1412 1161 1535 1205 quae
1574 1143 1730 1192 εἰκότα
1764 1143 1935 1192 Graeci

262 1221 462 1265 vocant:
503 1234 626 1278 quae
668 1220 817 1265 etiam
851 1220 892 1265 si
924 1219 985 1264 ad
1017 1218 1286 1265 tollendam
1319 1218 1675 1265 dubitationem
1708 1218 1813 1266 sola
1836 1234 1934 1265 non
1960 1235 2001 1268 15

202 1292 233 1335 9
266 1291 529 1351 sufficiunt,
567 1295 731 1338 tamen
772 1292 941 1338 adiuta
983 1292 1153 1338 ceteris
1184 1292 1450 1352 plurimum
1483 1292 1662 1339 valent.
1704 1293 1934 1355 signum

260 1368 479 1425 vocatur,
504 1368 562 1411 ut
595 1365 707 1424 dixi,
741 1369 943 1427 σημεῖον
969 1359 1292 1427 (quamquam
1319 1365 1369 1412 id
1395 1365 1595 1426 quidam
1625 1365 1935 1424 indicium,

262 1438 463 1499 quidam
502 1439 824 1501 vestigium
864 1432 1280 1503 nominaverunt),
1320 1455 1407 1499 per
1447 1439 1576 1499 quod
1616 1439 1716 1485 alia
1753 1453 1830 1485 res
1861 1439 1935 1484 in-

261 1512 527 1575 tellegitur,
581 1515 637 1559 ut
682 1529 769 1572 per
816 1512 1105 1573 sanguinem
1153 1512 1334 1559 caedes.
1391 1516 1441 1559 at
1496 1513 1695 1574 sanguis
1747 1512 1825 1571 vel
1879 1528 1935 1558 ex

261 1585 424 1632 hostia
462 1588 746 1646 respersisse
787 1589 971 1633 vest-em
1010 1588 1174 1646 potest
1212 1587 1290 1632 vel
1330 1601 1353 1632 6
1394 1586 1594 1633 naribus
1625 1586 1934 1646 profluxisse:
1960 1603 2003 1634 20

263 1674 360 1705 non
399 1661 586 1719 utique,
639 1661 723 1719 qui
773 1663 960 1706 vestem
1015 1663 1265 1706 cruentam
1320 1659 1566 1719 habuerit,
1617 1658 1936 1706 homicidium

176 1733 239 1777 10
264 1733 447 1779 fecerit.
489 1733 573 1779 sed
612 1736 667 1779 ut
707 1749 794 1794 per
834 1749 883 1780 56
923 1748 1019 1779 11011
1059 1732 1264 1792 sufficit,
1313 1734 1383 1779 ita
1431 1735 1604 1780 ceteris
1651 1733 1937 1780 adiunctum

262 1807 537 1853 testimonii
575 1806 682 1853 1060
723 1807 931 1865 ducitur,
980 1808 1022 1853 51
1067 1806 1317 1865 111111116115,
1364 1808 1407 1854 51
1451 1807 1666 1854 minatus
1718 1809 1846 1865 ante,
1894 1807 1937 1853 si

265 1879 432 1926 eodem
471 1881 522 1925 in
562 1880 668 1927 1060
702 1881 818 1926 fuit:
860 1879 1037 1940 quibus
1071 1881 1266 1941 signum
1299 1896 1408 1928 cum
1442 1882 1659 1939 accessit,
1700 1880 1850 1927 efficit
1879 1881 1937 1926 ut

176 1954 235 1997 11
267 1969 391 2013 quae
432 1957 655 2014 suspecta
697 1958 835 2000 erant
877 1957 1008 2000 certa
1057 1953 1328 2001 videantur.
1381 1953 1566 2015 alioqui
1622 1955 1738 2000 sunt
1789 1967 1934 2014 quae·
1959 1970 2002 2001 25

264 2027 377 2072 dam
417 2027 557 2088 signa-
596 2029 792 2088 utrique
844 2029 975 2088 parti
1015 2029 1307 2086 communia,
1361 2030 1417 2074 ut
1455 2027 1648 2087 livores,
1698 2030 1934 2086 tumores,

263 2116 378 2146 nam
417 2100 574 2147 videri
611 2105 816 2161 possunt
865 2104 912 2147 et
958 2099 1181 2147 veneficii
1227 2104 1275 2146 et
1330 2101 1602 2148 cruditatis.
1659 2103 1707 2148 et
1756 2101 1934 2147 vulnus

262 2175 311 2219 in
353 2176 549 2234 pectore
590 2190 677 2221 sua
716 2191 866 2221 manu
906 2176 954 2221 et
985 2174 1144 2220 3116113
1178 2175 1359 2235 perisse
1392 2174 1664 2221 dicentibus
1696 2176 1748 2220 in
1780 2189 1936 2234 aequo

265 2251 351 2294 est.
392 2247 511 2294 haec
550 2247 753 2308 proinde
794 2248 934 2294 firma
980 2247 1222 2294 habentur
1262 2252 1408 2308 atque
1457 2248 1750 2296 extrinsecus
1798 2247 1935 2294 adiu-

264 2324 455 2367 vantur.
1959 2337 2003 2368 30

179 2393 241 2438 12
378 2394 562 2440 Eorum
601 2398 779 2453 autem,
822 2410 946 2455 quae
989 2396 1129 2456 signa
1169 2398 1281 2442 sunt
1322 2394 1539 2455 quidem,
1588 2393 1673 2441 sed
1710 2409 1807 2440 non
1853 2409 1934 2439 ne-

267 2467 490 2528 cessaria,
553 2483 705 2530 genus
754 2468 1084 2530 Hermagoras
1134 2471 1304 2528 putat:
1362 2464 1476 2514 ‘non
1539 2483 1640 2515 esse
1698 2466 1936 2529 virginem

385 2673 410 2709 4
444 2666 542 2723 sed]
577 2668 623 2709 et
654 2674 690 2707 A
825 2671 846 2707 7
889 2667 1032 2709 etiam
1064 2675 1125 2709 B:
1158 2666 1330 2709 idcirco
1363 2674 1442 2707 aP
1565 2669 1589 2707 9
1624 2667 1694 2708 est
1723 2683 1773 2708 a:
1816 2668 1936 2707 esset

265 2733 394 2767 ΑΒΡ
512 2731 565 2767 15
598 2739 690 2767 11011
722 2739 791 2767 om
808 2733 844 2765 A
968 2731 1020 2768 16
1048 2725 1266 2768 adiuncta
1286 2724 1406 2767 ΡῙΤ2
1515 2728 1566 2767 19
1601 2727 1650 2767 at
1662 2732 1756 2766 Pa:
1784 2738 1838 2767 36
1854 2731 1938 2766 ΑΒ

385 2789 438 2826 22
472 2784 683 2826 adiutum
715 2785 790 2837 ΡΞ,
817 2784 903 2826 ,1¹22
1026 2789 1080 2826 24
1113 2785 1160 2825 in
1187 2799 1254 2827 om
1280 2791 1367 2825 BP
1483 2788 1538 2826 28
1570 2783 1619 2825 in
1644 2797 1733 2836 quo
1759 2785 1828 2825 est
1851 2790 1941 2824 BP

386 2847 439 2885 29
473 2843 664 2898 perinde
697 2851 740 2885 P
858 2847 910 2885 31
946 2843 1025 2885 sed
1058 2843 1168 2900 non]
1201 2857 1292 2885 non
1327 2842 1419 2885 sint
1450 2850 1485 2883 Α
