2007 3120
184 75 255 125 54
680 71 1051 124 QVINTILIANI
1080 71 1230 114 INST.
1264 69 1355 113 OR.

98 218 159 262 12
184 214 441 273 respirant.
483 211 658 272 quibus
699 210 886 257 accedit
924 226 1022 257 non
1059 210 1316 257 mediocris
1355 209 1561 268 utilitas,
1602 224 1712 255 cum
1751 223 1854 254 sen-

183 287 352 333 tentiis
386 301 552 332 eorum
582 285 720 331 velut
752 283 1044 344 quibusdam
1074 284 1370 330 testimoniis
1405 297 1529 342 quae
1561 296 1856 343 proposuere

185 358 481 407 confirment.
557 373 726 404 verum
786 358 951 417 priora
1011 357 1099 403 illa
1161 356 1224 403 ad
1274 371 1450 416 pueros
1504 356 1676 416 magis,
1737 354 1856 401 haec

185 433 438 493 sequentia
493 431 557 478 ad
607 430 907 477 robustiores
960 429 1297 489 pertinebunt,
1352 444 1462 475 cum
1515 429 1857 490 grammatices

186 521 323 552 amor
377 507 426 551 et
476 519 592 551 usus
646 505 869 550 lectionis
923 518 1022 550 non
1075 503 1350 549 scholarum
1404 501 1720 561 temporibus,
1774 501 1859 547 sed

184 581 318 626 vitae
357 578 517 639 spatio
557 579 894 624 terminentur.

99 659 159 702 13
295 651 353 698 In
405 650 730 712 praelegendo
786 650 1134 712 grammaticus
1189 651 1237 695 et
1291 648 1379 695 illa
1426 647 1622 709 quidem
1668 648 1858 693 minora

185 728 435 786 praestare
489 723 697 782 debebit,
748 726 807 770 ut
858 726 1023 783 partes
1079 723 1313 769 orationis
1367 721 1507 768 reddi
1560 720 1654 767 sibi
1700 720 1858 767 soluto

185 814 329 846 versu
375 798 616 844 desideret
662 799 711 844 et
755 797 935 857 pedum
972 797 1313 856 proprietates,
1361 810 1485 854 quae
1525 794 1644 840 adeo
1684 792 1862 840 debent

187 887 288 919 esse
320 874 467 918 notae
498 873 551 916 in
583 870 894 929 carminibus,
925 872 982 916 ut
1013 871 1162 916 etiam
1193 870 1246 914 in
1270 870 1486 915 oratoria
1512 868 1861 927 compositione

101 951 162 997 14
189 945 535 992 desiderentur.
614 944 883 1004 deprendat
936 958 1060 1004 quae
1113 941 1346 1001 barbara,
1418 957 1540 1001 quae
1594 941 1861 1000 inpropria,

190 1034 313 1079 quae
353 1020 523 1064 contra
569 1018 727 1079 legem
780 1017 1012 1077 loquendi
1066 1017 1164 1062 sint
1210 1017 1386 1076 posita,
1440 1030 1538 1061 non
1581 1017 1639 1060 ut
1685 1029 1740 1060 ex
1786 1013 1862 1060 his

187 1094 357 1153 utique
397 1090 718 1151 inprobentur
756 1093 929 1151 poetae
962 1083 1176 1153 (quibus,
1217 1091 1332 1149 quia
1364 1088 1651 1149 plerumque
1683 1088 1863 1134 servire

188 1168 344 1212 metro
400 1168 654 1227 coguntur,
710 1164 829 1210 adeo
884 1165 1169 1226 ignoscitur,
1222 1166 1276 1209 ut
1327 1164 1451 1208 vitia
1498 1163 1606 1221 ipsa
1655 1160 1765 1207 aliis
1813 1162 1864 1206 in

190 1240 402 1286 carmine
456 1237 872 1298 appellationibus
923 1238 1257 1284 nominentur:
1321 1233 1688 1297 μεταπλασμούς
1736 1235 1865 1280 enim

192 1307 264 1376 [et
303 1307 684 1374 σχηματισμούς]
727 1315 775 1357 et
814 1309 1042 1373 σχήματα,
1081 1313 1138 1356 ut
1177 1310 1290 1368 dixi,
1331 1323 1559 1356 vocamus
1592 1311 1640 1354 et·
1670 1307 1866 1354 laudem

188 1387 387 1433 virtutis
427 1387 711 1432 necessitati
743 1377 953 1446 damus),
994 1383 1079 1430 sed
1108 1386 1165 1429 ut
1197 1385 1502 1429 commoneat
1535 1380 1867 1427 artificialium

103 1466 163 1510 15
191 1462 239 1506 et
287 1461 572 1506 memoriam
624 1458 792 1520 agitet.
860 1457 913 1504 id
964 1472 1155 1518 quoque
1205 1458 1335 1502 inter
1384 1455 1543 1516 prima
1590 1454 1867 1501 rudimenta

172 1548 287 1579 -non
318 1533 493 1578 inutile
519 1532 865 1590 demonstrare,
901 1533 1021 1591 quot
1055 1546 1274 1590 quaeque
1305 1528 1454 1575 verba
1485 1528 1643 1575 modis
1675 1527 1867 1574 intelle-

191 1606 347 1668 genda
388 1608 500 1653 sint.
549 1607 675 1652 circa
717 1605 1079 1667 glossemata
1120 1605 1284 1663 etiam,
1324 1603 1375 1649 id
1416 1605 1489 1649 est
1526 1616 1666 1648 voces
1705 1603 1866 1648 minus

105 1688 166 1731 16
190 1681 415 1738 usitatas,
455 1695 553 1726 non
590 1679 766 1725 ultima
808 1680 909 1724 eius
949 1678 1264 1738 professionis
1298 1676 1557 1738 diligentia
1590 1677 1676 1722 est.
1717 1676 1867 1721 enim-

193 1769 307 1800 vero
346 1753 445 1800 iam
483 1755 668 1799 maiore
709 1768 823 1799 cura
864 1752 1034 1798 doceat
1065 1753 1269 1812 tropos
1303 1764 1481 1808 omnes,
1522 1748 1698 1809 quibus
1730 1763 1868 1808 prae-

194 1828 333 1888 cipue
380 1842 478 1873 non
523 1842 697 1886 poema
745 1825 888 1872 modo
929 1825 1013 1871 sed
1052 1826 1201 1871 etiam
1241 1825 1398 1870 orat-io
1439 1826 1655 1882 ornatur,
1703 1821 1869 1868 sche-

192 1903 349 1947 mata
396 1903 627 1960 utraque,
674 1899 725 1945 id
765 1902 838 1946 est
877 1899 1133 1960 figuras,
1181 1912 1401 1958 quaeque
1440 1893 1609 1953 λέξεως
1649 1909 1867 1957 quaeque

195 1973 416 2030 διανοίας
456 1976 715 2020 vocantur:
771 1987 978 2032 quorum
1018 1987 1106 2033 ego
1147 1973 1271 2018 sicut
1310 1974 1564 2031 troporum
1601 1971 1870 2015 tractatum
1918 1984 1930 1993 ·

194 2049 246 2094 in
285 2063 394 2093 eum
434 2047 594 2094 locum
633 2046 818 2105 differo,
859 2061 955 2106 quo
988 2046 1111 2091 mibi
1143 2045 1199 2091 de
1232 2048 1407 2090 ornatu
1440 2045 1677 2090 orat-ionis
1709 2042 1869 2088 dicen-

108 2129 166 2172 17
195 2121 310 2167 dum
342 2122 447 2167 erit.
499 2122 759 2180 praecipue
792 2134 905 2165 vero
938 2119 1025 2165 illa
1057 2118 1231 2179 infigat
1265 2119 1456 2174 animis,
1496 2132 1619 2177 quae
1650 2118 1702 2162 in
1735 2130 1870 2162 oeco-

195 2196 359 2241 nomia
399 2196 570 2252 virtus,
612 2209 734 2253 quae
775 2195 827 2238 in
859 2193 1028 2238 decore
1062 2208 1236 2250 rerum,
1279 2191 1398 2251 quid
1428 2205 1663 2250 personae
1697 2191 1870 2249 cuique

197 2270 490 2328 convenerit,
547 2267 665 2328 quid
711 2269 763 2312 in
810 2265 1029 2313 sensibus
1077 2265 1393 2323 laudandum,
1449 2264 1568 2324 quid
1605 2265 1655 2309 in
1695 2262 1871 2320 verbis,

194 2341 280 2387 ubi
319 2342 460 2402 copia
498 2341 782 2401 probabilis,
820 2339 905 2386 ubi
943 2339 1127 2386 modus.

110 2422 170 2466 18
307 2414 398 2460 His
431 2415 624 2461 accedet
658 2415 903 2460 enarratio
935 2413 1265 2472 historiarum,
1300 2411 1509 2472 diligens
1541 2409 1737 2471 quidem
1769 2408 1872 2467 illa,

195 2504 294 2535 non
331 2492 494 2535 tamen
534 2503 687 2548 usque
728 2487 790 2534 ad
829 2501 1181 2547 supervacuum
1213 2484 1430 2531 laborem
1462 2486 1720 2544 occupata:
1759 2498 1874 2528 nam

196 2564 417 2622 receptas
467 2566 550 2608 aut-
590 2564 718 2607 certe
758 2561 902 2607 claris
943 2559 1220 2606 auctoribus
1261 2561 1556 2604 memoratas
1597 2557 1872 2616 exposuisse

198 2636 320 2681 satis
366 2638 450 2681 est.
521 2636 747 2695 persequi
795 2633 1004 2694 quidem,
1053 2633 1171 2693 quid
1219 2634 1326 2691 quis
1373 2646 1607 2690 umquam
1645 2629 1725 2676 vel
1763 2644 1874 2676 con-

318 2751 339 2787 1
372 2746 598 2800 respirent
631 2746 802 2800 Reyius
952 2748 977 2784 6
1010 2743 1282 2785 terminetur
1313 2749 1401 2784 BP
1549 2745 1601 2783 12
1634 2739 1760 2796 leges
1793 2747 1828 2780 Α
1865 2747 1868 2790 ῑ

200 2804 293 2847 sint
323 2819 366 2859 p.
400 2812 458 2846 A:
493 2804 747 2858 composita
779 2810 867 2844 BP
905 2802 910 2857 l
954 2802 1012 2844 iis
1044 2809 1088 2843 B
1238 2806 1290 2843 16
1335 2803 1381 2842 et
1425 2799 1762 2855 σχηματισμούς
1801 2797 1872 2841 del

201 2864 350 2907 Faber
471 2867 521 2905 31
558 2862 739 2904 accedit
771 2869 806 2902 A
930 2865 984 2902 34
1016 2860 1130 2914 quid
1162 2860 1356 2914 quisque
1390 2866 1474 2900 ΑΡ

1887 884 1928 915 10

1889 1250 1930 1281 15

1892 1617 1980 1648 20>

1896 2352 1938 2383 30

1987 2171 1989 2174 ,
1981 1985 1990 2136 .“...-.-“
1986 1962 1989 1969 .
