2007 3120
801 74 835 118 Ι.
870 79 939 129 12,
974 78 1132 116 2—14.
1740 73 1810 126 69

122 215 313 276 aliquid
351 214 628 261 rationibus
669 214 962 273 domesticis,
1003 213 1194 275 ahquid
1233 229 1378 260 curae
1420 215 1651 274 corporis,
1693 229 1813 260 non-

120 289 246 336 nihil
297 288 639 349 voluptatibus
692 287 871 335 cotidie
922 285 1133 335 damus‘.>
1191 303 1398 349 quarum
1452 303 1540 335 nos
1590 302 1690 334 una
1736 303 1813 334 res

122 363 373 423 quaelibet
416 362 541 408 nihil
586 362 964 409 intermittentis
1016 363 1275 423 fatigaret:
1326 361 1446 408 adeo
1494 362 1692 409 facilius
1740 364 1817 408 est

121 437 282 483 multa
320 437 480 483 facere
522 452 671 497 quam
711 436 808 482 (liu.

77 527 95 559 5
232 510 363 556 Illud
404 510 603 571 quidem
641 509 842 556 minime
882 509 1150 557 verendum
1200 513 1285 570 est,
1334 525 1394 556 ne
1441 509 1660 557 laborem
1708 512 1809 557 stu-
1874 515 1902 560 8

123 584 313 632 diorum
346 586 488 645 pueri
539 583 789 631 difficilius
839 585 1075 643 tolerent,
1127 601 1285 645 neque
1338 583 1470 631 enim
1519 584 1624 630 ulla
1677 586 1813 631 aetas

120 660 285 706 minus
326 659 584 720 fatigatur.
625 660 808 705 mirum
849 659 915 705 sit
953 658 1179 718 forsitan,
1221 658 1305 705 sed
1345 659 1692 719 experimentis
1733 658 1812 705 de-

119 733 354 793 prendas3
393 748 510 779 nam
551 735 599 779 et
639 732 876 779 dociliora
916 734 1029 779 sunt
1069 734 1283 796 ingenia,
1332 732 1622 794 priusquam
1663 731 1811 779 obdu-

118 810 338 854 ruerunt.
377 807 429 853 id
469 807 549 854 vel
587 806 678 854 hoc
703 809 993 868 argumento
1018 809 1172 868 patet,
1214 807 1346 868 quod
1376 808 1510 853 intra
1540 806 1810 867 biennium,
1873 813 1903 857 9

55 899 96 929 10
123 897 270 942 quam
309 881 460 928 verba
497 884 628 928 recte
667 881 880 928 formare
931 883 1217 942 potuerunt,
1274 882 1500 942 quamvis
1552 880 1689 927 nullo
1740 882 1813 926 in-

122 958 284 1003 stante
326 956 491 1002 omnia
531 956 632 1001 fere
682 956 938 1002 locuntur:
987 958 1038 1002 at
1085 955 1292 1003 noviciis
1345 957 1525 1002 nostris
1566 971 1653 1016 per
1693 958 1814 1016 quot

122 1046 275 1077 annos
315 1045 473 1077 sermo
512 1029 721 1077 Latinus
760 1031 1027 1092 repugnat!
1068 1030 1226 1093 magis
1268 1031 1408 1089 scias,
1448 1031 1490 1078 si
1531 1045 1677 1090 quem
1713 1030 1814 1076 iam

120 1104 379 1152 robustum
417 1104 678 1152 instituere
711 1104 894 1151 litteris
936 1105 1167 1165 coeperis,
1219 1120 1318 1150 non
1366 1103 1469 1150 sine
1522 1119 1669 1150 causa
1718 1103 1816 1150 dici

120 1178 450 1240 παιδομαθεῑς
492 1194 587 1237 eos,
628 1180 715 1239 qui
752 1179 803 1224 in
846 1194 934 1225 sua
975 1179 1190 1240 quidque
1233 1182 1336 1226 arte
1378 1178 1564 1239 optime
1612 1178 1814 1224 faciant.

54 1270 94 1301 15
121 1256 170 1300 et
208 1253 481 1313 patientior
521 1255 594 1300 est
644 1253 830 1300 laboris
885 1255 1066 1299 natura
1116 1254 1282 1314 pueris
1335 1269 1486 1314 quam
1534 1252 1810 1299 iuvenibus.
1842 1259 1904 1303 10

120 1327 352 1374 Videlicet
390 1330 445 1373 ut
487 1343 692 1388 corpora
730 1328 1001 1374 infantium
1042 1342 1131 1375 nec
1179 1343 1334 1387 casus,
1385 1343 1480 1388 quo
1528 1328 1581 1373 in
1627 1329 1815 1373 terram

119 1402 303 1449 totiens
344 1401 648 1461 deferuntur,
687 1404 792 1448 tam
833 1403 1053 1464 graviter
1093 1401 1288 1464 adfligit
1326 1418 1416 1449 nec
1461 1402 1551 1448 illa
1590 1417 1678 1462 per
1712 1417 1815 1447 ma-

119 1492 211 1523 nus
253 1479 300 1522 et
352 1491 512 1539 genua
563 1476 780 1537 reptatio
837 1491 926 1523 nec
976 1479 1088 1537 post
1142 1476 1289 1523 breve
1343 1482 1539 1537 tempus
1596 1475 1816 1522 continui

118 1551 254 1598 lusus
295 1552 343 1597 et
381 1551 536 1597 totius
577 1549 674 1598 diei
714 1551 978 1610 discursus,
1020 1550 1135 1611 quia
1174 1550 1366 1612 pondus
1406 1551 1507 1597 iHis
1550 1550 1689 1596 abest
1727 1565 1816 1597 nec

53 1642 95 1673 20
121 1640 171 1672 se
224 1625 323 1685 ipsi
386 1628 617 1687 gravant:
675 1624 744 1672 sic
785 1625 938 1671 animi
978 1641 1195 1686 quoque,
1245 1625 1402 1683 credo,
1455 1626 1574 1686 quia
1625 1626 1815 1672 minore

120 1701 302 1747 conatu
341 1702 604 1746 moventur
642 1716 731 1746 nec
772 1715 860 1746 suo
900 1700 1012 1746 nisu
1053 1699 1228 1746 studiis
1269 1701 1529 1761 insistunt,
1585 1699 1671 1746 sed
1719 1699 1816 1746 for-

118 1773 324 1820 mandos
366 1789 415 1820 se
455 1774 801 1821 tantummodo
827 1777 1099 1834 praestant,
1140 1790 1238 1821 non
1271 1773 1499 1820 similiter
1522 1773 1814 1836 fatigantur.

119 1850 378 1909 praeterea
419 1847 687 1895 secundum
728 1848 879 1894 aliam
920 1849 1099 1895 aetatis
1151 1849 1286 1895 illius
1335 1848 1632 1895 facilitatem
1679 1847 1817 1895 velut
1843 1853 1903 1898 11

120 1923 392 1983 simplicius
426 1922 645 1970 docentis
686 1925 920 1970 secuntur
958 1938 1046 1969 nec
1087 1939 1212 1983 quae
1252 1923 1353 1969 iam
1388 1924 1578 1985 egerint
1602 1923 1814 1969 metiun-

54 2013 96 2045 25
120 1999 223 2044 tur:
273 1995 411 2043 abest
457 1996 559 2044 illis
608 1997 767 2044 adhuc
821 1999 972 2044 etiam
1019 1997 1202 2044 laboris
1254 1997 1507 2044 iudicium.
1562 2013 1709 2058 porro
1760 2000 1817 2043 ut

118 2072 403 2131 frequenter
454 2073 645 2132 experti
692 2087 879 2132 sumus,
932 2072 1094 2118 minus
1144 2071 1311 2118 adficit
1360 2087 1530 2119 sensus
1582 2071 1815 2133 fatigatio

121 2162 272 2207 quam
312 2146 564 2208 cogitatio.

234 2219 328 2266 Sed
368 2235 428 2267 ne
467 2220 705 2280 temporis
747 2220 946 2281 quidem
986 2237 1223 2281 umquam
1264 2221 1376 2282 plus
1418 2220 1534 2281 erit,
1582 2221 1700 2282 quia
1738 2220 1815 2267 his
1843 2224 1904 2269 12

122 2294 369 2341 aetatibus
411 2295 569 2342 omnis
608 2295 662 2341 in
702 2295 945 2342 audiendo
986 2296 1236 2355 profectus
1277 2297 1364 2342 est.
1407 2310 1516 2341 cum
1550 2294 1612 2341 ad
1645 2295 1816 2342 stilum

55 2386 96 2416 30
121 2368 327 2429 secedet,
368 2384 479 2415 cum
518 2368 774 2431 generabit
812 2369 918 2430 ipse
960 2369 1151 2430 aliquid
1191 2372 1341 2430 atque
1382 2371 1656 2430 componet,
1707 2371 1817 2415 tum

118 2442 349 2490 incohare
390 2443 509 2489 haec
549 2443 715 2490 studia
754 2444 834 2490 vel
873 2460 972 2491 non
1012 2444 1211 2490 vacabit
1249 2444 1328 2491 vel
1352 2460 1451 2490 non
1475 2443 1663 2491 libebit.
1698 2459 1814 2507 ergo
1843 2448 1904 2493 13

122 2531 232 2563 cum
283 2519 636 2580 grammaticus
686 2520 849 2565 totum
900 2533 1140 2579 occupare
1194 2517 1324 2565 diem
1375 2534 1473 2566 non
1525 2518 1683 2579 possit
1725 2533 1815 2565 nec

123 2589 312 2650 debeat,
351 2608 412 2638 ne
453 2591 685 2639 discentis
727 2594 947 2639 animum
985 2593 1150 2640 taedio
1193 2594 1401 2653 avertat,
1443 2592 1620 2654 quibus
1645 2591 1814 2653 potius

122 2665 298 2712 studiis
346 2665 465 2713 haec
515 2669 796 2727 temporum
836 2668 973 2714 velut
1021 2666 1267 2714 subsiciva
1316 2664 1643 2714 donabimus?
1699 2683 1814 2714 nam
1842 2671 1905 2716 14

241 2840 268 2877 4
301 2851 440 2891 quam
474 2852 617 2880 unum
651 2838 732 2880 diu
765 2838 985 2882 Kiderlin
1153 2843 1207 2881 20
1241 2852 1289 2882 se
1325 2847 1431 2881 BP:
1466 2851 1564 2882 sese
1597 2846 1634 2879 Α

125 2898 182 2936 24
214 2894 412 2939 dicentis
443 2904 489 2939 B
668 2901 724 2939 30
757 2898 869 2940 tunc
900 2905 946 2940 B
