2055 3130
275 64 384 116 ⁴256
773 66 1148 118 QVINTILIANI
1177 67 1327 110 INST.
1362 67 1453 111 ΟΒ.
2024 0 2055 219 ἢ

275 203 458 250 habent
496 207 643 263 recta,
683 220 837 265 prava
877 207 1048 252 contra
1088 221 1143 252 ex
1183 206 1322 254 falsis
1370 208 1681 267 opinionibus
1727 210 1945 257 veniunt.

275 292 391 323 nam
431 279 503 323 est
534 277 609 323 his
647 279 846 323 initium
887 295 944 325 ex
982 280 1059 337 iis,
1099 295 1223 340 quae
1257 279 1462 326 credunt
1506 281 1634 327 bona
1675 285 1761 329 aut
1798 284 1946 342 mala,

274 350 388 396 inde
430 366 613 398 errores
654 352 870 398 existunt
910 354 959 398 et
995 354 1196 412 pessimi
1235 353 1470 412 adfectus,
1516 355 1570 400 in
1618 354 1793 415 quibus
1833 359 1948 403 sunt

274 424 364 482 ira,
405 423 583 483 odium,
615 424 819 482 invidia,
859 424 1118 485 cupiditas,
1159 441 1281 486 spes,
1321 426 1548 486 ambitus,
1588 428 1809 488 audacia,
1847 445 1945 476 me-

274 499 369 554 tus,
410 497 571 543 cetera
610 499 798 558 generis
840 498 1077 545 eiusdem.
1127 499 1362 546 accedunt
1410 500 1676 560 aliquando
1724 503 1944 562 fortuita,
1992 519 2011 552 5

275 569 500 629 ebrietas,
538 571 835 632 ignorantia,
877 587 1001 631 quae
1032 573 1233 619 interim
1267 573 1330 619 ad
1366 575 1562 619 veniam
1600 575 1781 634 valent,
1819 576 1945 622 inte-

273 644 367 688 rim
408 641 470 688 ad
509 643 850 703 probationem
890 646 1123 703 criminis,
1170 648 1224 692 ut
1271 647 1314 693 si
1360 648 1483 706 quis,
1531 647 1647 693 dum
1693 648 1782 694 alii
1827 650 1944 695 insi-

182 721 248 765 35
277 715 456 772 diatur,
507 717 659 762 alium
700 717 881 763 dicitur
930 719 1248 766 interemisse.
1304 734 1478 766 causae
1531 735 1676 780 porro
1731 737 1829 768 non
1884 722 1946 769 ad

274 789 661 836 convincendum
699 791 842 837 modo
884 791 1012 851 quod
1065 791 1288 851 obicitur,
1340 793 1424 839 sed
1476 793 1539 839 ad
1589 793 1944 841 defendendum
2054 851 2055 855 Ἰ

275 877 469 923 quoque
510 865 672 910 excuti
711 864 883 925 solent,
935 880 1045 911 cum
1094 867 1203 925 quis
1245 881 1294 912 se
1348 869 1477 913 recte
1528 867 1714 926 fecisse,
1765 867 1817 913 id
1871 871 1943 916 est
1969 885 2010 916 10
2054 861 2055 870 ¹

272 935 477 983 honesta
516 951 661 983 causa
702 938 972 984 contendit:
1020 954 1115 999 qua
1156 939 1213 985 de
1252 955 1303 986 re
1343 940 1494 987 latius
1541 942 1592 986 in
1631 942 1778 988 tertio
1818 941 1943 990 libro

180 1015 247 1059 36
274 1008 459 1056 dictum
499 1013 584 1056 est.
625 1010 862 1058 finitionis
904 1027 1098 1072 quoque
1132 1014 1441 1073 quaestiones
1475 1029 1531 1060 ex
1563 1014 1721 1061 causis
1746 1015 1945 1061 interim

273 1082 508 1143 pendent:
549 1100 612 1130 an
650 1085 977 1145 tyrannicida,
1019 1087 1104 1145 qui
1141 1089 1422 1146 tyrannum,
1470 1102 1498 1132 a
1539 1101 1638 1150 quo
1679 1088 1942 1148 deprensus

272 1157 323 1201 in
364 1157 605 1204 adulterio
644 1158 821 1217 fuerat,
861 1158 1073 1205 occidit?
1125 1176 1187 1206 an
1226 1159 1506 1222 sacrilegus,
1549 1161 1647 1220 qui,
1685 1163 1741 1207 ut
1779 1162 1942 1208 hostes

272 1229 391 1276 urbe
439 1231 716 1290 expelleret,
768 1247 904 1278 arma
956 1233 1139 1292 templo
1191 1232 1349 1279 adfixa
1405 1232 1649 1280 detraxit?
1701 1234 1944 1281 ducuntur
1968 1251 2009 1282 15
2054 1240 2055 1276 ἓ

180 1309 243 1353 37
274 1307 562 1366 argumenta
595 1307 643 1351 et
668 1321 724 1351 ex
748 1305 868 1352 loco.
910 1309 1159 1366 spectatur
1191 1308 1320 1352 enim
1354 1307 1415 1353 ad
1446 1306 1592 1353 fidem
1622 1307 1941 1368 probationis,

271 1379 533 1424 montanus
568 1393 630 1424 an
661 1379 853 1438 planus,
885 1381 1162 1426 maritimus
1197 1395 1259 1426 an
1290 1380 1687 1439 mediterraneus,
1728 1381 1942 1429 consitus

273 1466 335 1496 an
374 1451 603 1511 incultus,
642 1453 869 1513 frequens
911 1468 972 1498 an
1013 1453 1246 1512 desertus,
1292 1455 1557 1514 propincus
1604 1470 1667 1500 an
1712 1457 1942 1514 remotus,

273 1527 578 1584 opportunus
626 1526 843 1573 consiliis
893 1542 952 1571 an
995 1527 1247 1573 adversus:
1305 1543 1452 1587 quam
1491 1530 1682 1587 partem
1721 1528 1941 1576 videmus

181 1603 245 1647 38
271 1597 694 1645 vehementissime.
738 1616 826 1660 pro
866 1599 1047 1646 Milone
1085 1603 1323 1647 tractasse
1372 1599 1665 1647 Ciceronem.
1721 1604 1769 1647 et
1821 1602 1940 1649 haec
1965 1618 2009 1649 20

273 1671 469 1731 quidem
495 1687 550 1719 ac
575 1673 755 1719 similia
783 1673 844 1720 ad
869 1675 1197 1720 coniecturam
1230 1674 1533 1734 frequentius
1557 1676 1818 1734 pertinent,
1858 1675 1940 1722 sed

271 1746 469 1791 interim
509 1746 569 1792 ad
609 1748 685 1792 ius
738 1762 954 1808 quoque:
1004 1749 1227 1807 privatus
1277 1763 1337 1794 an
1394 1747 1634 1808 publicus,
1689 1763 1824 1795 sacer
1879 1764 1940 1795 an

270 1819 521 1878 profanus,
576 1824 741 1867 noster
781 1836 843 1866 an
884 1822 1088 1880 alienus,
1143 1824 1197 1867 ut
1248 1823 1296 1866 in
1349 1836 1556 1882 persona
1607 1822 1941 1884 magistratus,

181 1897 245 1940 39
270 1896 425 1952 pater,
464 1896 763 1954 peregrinus.
805 1895 917 1940 hinc
958 1896 1087 1940 enim
1127 1896 1437 1955 quaestiones
1471 1895 1717 1941 oriuntur:
1759 1891 1938 1956 ‘priva-

269 1968 373 2011 tam
412 1969 670 2026 pecuniam
711 1968 969 2026 sustulisti,
1009 1984 1178 2015 verum
1217 1970 1333 2029 quia
1374 1968 1431 2015 de
1471 1969 1670 2029 templo,
1710 1983 1807 2016 non
1837 1969 1938 2014 fur·
1965 1985 2005 2016 ‘25

269 2042 389 2097 tum,
437 2040 518 2085 sed
560 2041 870 2103 sacrilegium
911 2037 1015 2088 est’.
1066 2037 1307 2088 ‘occidisti
1355 2041 1624 2100 adulteros,
1679 2041 1809 2103 quod
1862 2042 1938 2088 lex

269 2113 527 2172 permittit,
568 2115 652 2160 sed
691 2116 809 2175 quia
849 2117 899 2161 in
941 2116 1183 2175 lupanari,
1224 2116 1391 2162 caedes
1433 2111 1537 2162 est’.
1581 2112 1831 2162 ‘iniuriam
1871 2116 1936 2160 fe-

180 2191 245 2236 40
272 2187 397 2245 cisti,
437 2186 517 2233 sed
559 2190 675 2248 quia
715 2190 1042 2251 magistratui,
1080 2189 1354 2235 maiestatis
1397 2190 1524 2235 actio
1565 2184 1670 2236 est’.
1710 2189 1787 2236 vel
1828 2205 1938 2235 con-

268 2263 367 2305 tra:
410 2255 582 2320 ‘licuit,
624 2262 738 2322 quia
778 2265 919 2322 pater
958 2278 1105 2322 eram,
1147 2265 1260 2323 quia
1300 2259 1654 2325 magistratus'.
1695 2262 1778 2309 sed
1810 2264 1937 2309 circa

269 2333 391 2379 facti
430 2335 810 2382 controversiam
850 2340 1139 2397 argumenta
1179 2339 1447 2397 praestant,
1499 2338 1626 2383 circa
1666 2337 1787 2382 iuris
1826 2336 1936 2383 lites
1963 2351 2004 2383 30

269 2409 531 2454 materiam
571 2409 924 2468 quaestionum.
975 2409 1036 2455 ad
1078 2410 1371 2470 qualitatem
1419 2425 1612 2470 quoque
1659 2410 1939 2470 fmquenter

388 2747 439 2783 12
473 2742 694 2785 finitionis
720 2757 900 2797 quoque
937 2742 1250 2799 quaestiones]
1284 2741 1512 2783 finitiones
1543 2749 1625 2782 BP
1715 2745 1767 2782 16
1801 2753 1929 2795 spec-

267 2801 339 2842 tat
371 2800 597 2858 Spaldiny
627 2802 679 2854 cf
706 2802 795 2845 Cic.
830 2801 882 2844 de
916 2802 1078 2844 invent.
1111 2800 1132 2842 Ι
1165 2805 1218 2843 30
1342 2805 1394 2842 2⁶2
1430 2800 1488 2842 ad
1521 2800 1591 2842 ius
1626 2807 1684 2842 P:
1720 2798 1937 2841 aditusB

270 2858 455 2902 adiutus
488 2868 523 2901 A
647 2866 699 2903 ‘26
733 2863 803 2903 est
834 2874 903 2904 om
935 2868 970 2900 A
999 2861 1004 2913 Ι
1034 2859 1295 2902 adulterum
1327 2867 1430 2901 Pal»
