2007 3120
176 66 243 117 76
671 65 1046 118 QVINTILIANI
1075 65 1224 109 INST.
1260 64 1352 108 ΟΒ.

174 204 333 251 dentis
372 207 579 264 premat,
620 206 668 250 et
708 205 903 264 quidem
937 204 1200 251 dedocendi
1225 207 1423 265 gravius
1449 219 1505 251 ac
1536 206 1672 265 prius
1696 220 1846 265 quam

118 285 147 328 3
173 277 396 324 docendi:
435 280 640 338 propter
679 277 808 337 quod
847 277 1154 324 Timotheum
1196 278 1382 323 clarum
1405 279 1454 323 in
1482 280 1586 324 arte
1609 278 1845 324 tibiarum

174 351 338 397 ferunt
377 350 593 410 duplices
633 351 693 397 ab
732 351 809 409 iis,
851 367 970 410 quos
1011 351 1136 398 alius
1174 352 1484 408 instituisset,
1524 351 1723 398 solitum
1747 353 1845 397 exi-

175 439 288 486 gere
326 423 584 483 mercedes,
632 439 780 484 quam
828 423 871 470 si
921 423 1065 470 rudes
1119 423 1440 470 traderentur.
1498 440 1631 470 error
1678 426 1844 470 tamen

175 499 250 543 est
285 499 337 543 in
375 513 427 543 re
453 496 652 557 duplex:
691 512 830 556 unus,
871 497 1002 557 quod
1032 497 1230 543 interim
1255 496 1474 543 sufficere
1498 497 1611 543 illos
1634 498 1846 544 minores
1892 513 1912 545 5

118 575 148 620 4
175 571 455 617 existimant
510 573 559 616 et
611 570 738 616 bono
789 585 904 616 sane
959 570 1208 618 stomacho
1263 570 1480 616 contenti
1533 573 1665 616 sunt:
1721 585 1847 630 quae

176 659 479 703 quamquam
531 645 605 690 est
649 643 759 703 ipsa
809 643 1120 703 reprensione
1176 643 1324 705 digna
1379 645 1626 701 securitas,
1679 647 1848 690 tamen

176 719 302 763 esset
339 719 606 776 utcumque
645 716 932 775 tolerabilis,
973 718 1014 762 si
1038 717 1140 764 eius
1164 715 1297 763 modi
1320 719 1661 776 praeceptores
1686 717 1847 764 minus

176 789 417 847 docerent,
457 805 552 836 non
593 790 752 850 peius:
794 790 919 836 alter
956 790 1039 836 ille
1067 790 1215 836 etiam
1240 790 1557 849 frequentior,
1598 789 1727 850 quod
1751 805 1847 848 eOS,

177 864 261 922 qui
300 863 587 923 ampliorem
629 863 818 909 dicendi
860 863 1146 910 facultatem
1185 864 1283 910 sint
1323 864 1583 922 consecuti,
1621 878 1719 909 non
1758 879 1847 923 pu·
1873 878 1916 909 ιο

173 938 284 982 tant
324 936 385 981 ad
424 937 617 982 minora
654 936 954 995 descendere,
993 936 1140 996 idque
1179 936 1376 983 interim
1399 936 1520 991 fieri,
1561 938 1676 996 quia
1709 936 1845 983 fasti-

175 1008 315 1056 diant
367 1012 616 1070 praestare
678 1010 803 1056 hanc
856 1009 1172 1056 inferioribus
1227 1025 1407 1067 curam,
1461 1010 1675 1068 interim,
1729 1010 1848 1070 quia

120 1089 148 1132 5
175 1082 372 1129 omnino
412 1099 510 1130 non
548 1084 750 1143 possint.
794 1099 881 1144 ego
921 1099 1066 1144 porro
1107 1099 1230 1142 eum,
1271 1083 1354 1143 qui
1379 1083 1517 1141 nolit,
1556 1085 1607 1130 in
1642 1098 1847 1129 numero

174 1157 583 1216 praecipientium
622 1172 718 1202 non
758 1157 928 1215 habeo,
967 1172 1107 1217 posse
1149 1160 1315 1203 autem
1353 1158 1577 1216 maxime,
1625 1158 1666 1203 si
1712 1157 1848 1215 velit,

176 1230 413 1290 optimum
456 1246 695 1290 quemque
736 1229 995 1276 contendo:
1036 1231 1264 1290 primum,
1304 1230 1434 1290 quod
1475 1246 1600 1289 eum,
1640 1231 1726 1290 qui
1751 1230 1846 1276 elo·
1873 1244 1916 1276 15

176 1304 377 1363 quentia
417 1303 588 1350 ceteris
627 1305 858 1363 praestet,
897 1303 986 1350 illa
1025 1319 1232 1363 quoque,
1271 1319 1358 1363 per
1383 1319 1506 1363 quae
1533 1304 1593 1349 ad
1620 1304 1848 1364 eloquen-

174 1377 297 1422 tiam
348 1378 651 1436 pervenitur,
714 1377 1086 1438 diligentissime
1148 1376 1419 1437 percepisse
1476 1376 1705 1423 credibile
1761 1378 1849 1436 est,

120 1456 150 1498 (ἰ
176 1449 364 1508 deinde,
404 1452 520 1510 quia
559 1450 827 1510 plurimum
864 1452 915 1495 in
955 1450 1298 1510 praecipiendo
1347 1450 1478 1496 valet
1523 1451 1673 1509 ratio,
1723 1465 1850 1510 quae

177 1522 458 1570 doctissimo
500 1525 673 1583 cuique
712 1524 998 1584 plenissima
1038 1527 1124 1582 est,
1163 1526 1424 1583 postremo,
1465 1524 1581 1584 quia
1612 1538 1753 1569 nemo
1780 1525 1850 1570 sic

176 1596 226 1641 in
265 1596 531 1643 maioribus
573 1597 768 1652 eminet,
807 1600 863 1643 ut
904 1613 1012 1642 eum
1052 1598 1242 1643 minora
1294 1596 1534 1643 deficiant.
1581 1598 1677 1643 nisi
1721 1598 1849 1644 forte
1874 1611 1918 1642 20

175 1669 342 1716 Iovem
382 1669 580 1730 quidem
619 1670 818 1716 Phidias
867 1672 1049 1730 optime
1097 1670 1227 1727 fecit,
1279 1670 1366 1716 illa
1413 1673 1577 1717 autem
1625 1685 1751 1730 quae
1796 1669 1846 1715 in

177 1746 517 1790 ornamentum
558 1743 715 1804 operis
756 1745 858 1790 eius
892 1744 1141 1801 accedunt,
1181 1744 1306 1789 alius
1339 1744 1512 1790 melius
1537 1743 1850 1802 elaborasset,

178 1819 264 1863 aut
303 1820 469 1863 orator
506 1818 644 1878 loqui
682 1819 864 1864 nesciet
913 1821 999 1864 aut
1044 1817 1248 1864 leviores
1295 1817 1489 1864 morbos
1537 1832 1705 1863 curare
1751 1831 1849 1863 non

176 1891 358 1950 poterit
395 1892 845 1950 praestantissimus
884 1890 1112 1937 medicus.

128 1990 140 2014 ⁴
288 1962 413 2018 Quid
454 1962 603 2026 ergo?
641 1979 738 2010 non
778 1968 851 2010 est
891 1964 1129 2023 quaedam
1171 1965 1452 2024 eloquentia
1490 1965 1662 2022 maior,
1702 1978 1849 2024 quam
1874 1978 1917 2010 25

179 2039 234 2082 ut
274 2052 381 2083 eam
419 2038 673 2084 intellectu
713 2039 944 2097 consequi
983 2037 1185 2096 puerilis
1224 2037 1484 2083 infirmitas
1523 2034 1711 2097 possit?
1759 2052 1849 2099 ego

178 2125 291 2156 vcro
333 2110 582 2157 confiteor:
624 2110 705 2157 sed
745 2111 873 2158 hunc
898 2111 1132 2157 disertum
1164 2113 1529 2170 praeceptorem
1560 2110 1850 2171 prudentem

179 2199 370 2243 quoque
411 2186 460 2230 et
497 2199 594 2230 non
634 2184 858 2246 ignarum
900 2183 1105 2230 docendi
1144 2199 1245 2231 esse
1272 2184 1518 2244 oportebit
1543 2183 1848 2230 summitten-

177 2259 276 2303 tem
317 2272 365 2303 se
406 2257 468 2304 ad
506 2273 783 2304 mensuram
824 2258 1069 2317 discentis,
1108 2261 1163 2304 ut
1193 2258 1529 2305 velocissimus
1561 2272 1769 2317 quoque,
1808 2258 1851 2303 si

177 2330 303 2376 forte
342 2331 438 2376 iter
477 2346 584 2377 cum
624 2332 830 2391 parvulo
869 2331 1035 2389 faciat,
1069 2331 1149 2378 det
1180 2347 1382 2378 manum
1407 2336 1455 2377 et
1479 2331 1683 2392 gradum
1708 2345 1851 2376 suum
1874 2346 1918 2377 30

122 2411 150 2453 S
177 2404 380 2462 minuat,
421 2419 509 2450 nec
548 2404 782 2466 procedat
820 2405 951 2451 ultra
991 2421 1137 2465 quam
1187 2419 1345 2451 comes
1393 2405 1560 2464 possit.
1610 2401 1761 2464 quid‘?
1808 2404 1852 2450 si

178 2477 463 2537 plerumque
511 2478 704 2537 accidit,
755 2480 810 2524 ut
847 2477 1072 2524 faciliora
1118 2477 1217 2525 sint
1263 2478 1323 2524 ad
1370 2477 1753 2539 intellegendum
1801 2478 1852 2523 et

177 2550 417 2597 lucidiora
457 2551 630 2609 multo,
670 2567 793 2611 quae
835 2567 863 2596 a
904 2551 1183 2598 doctissimo
1217 2567 1409 2612 quoque
1434 2548 1695 2597 dicuntur?
1733 2565 1851 2596 nam

180 2626 228 2669 et
266 2624 426 2683 prima
466 2627 540 2670 est
572 2625 881 2684 eloquentiae
919 2626 1080 2670 virtus
1118 2625 1459 2685 perspicuitas,
1499 2626 1561 2683 et,
1602 2639 1696 2683 quo
1737 2625 1848 2683 quis

2006 2351 2007 2382 ⁴⁴
2005 2307 2007 2329 A!
1987 2258 2007 2282 '⁴
1979 1959 2007 2224 Ὗῃὲἐψκνῖ

299 2796 322 2833 3
355 2792 427 2834 his
459 2801 543 2835 ΑΒ
645 2797 666 2834 7
701 2795 770 2835 est
801 2793 904 2847 ipsa
935 2801 991 2836 A:
1019 2793 1191 2848 etipsa
1215 2801 1302 2835 BP
1397 2797 1450 2835 22
1483 2792 1741 2835 laborasset
1763 2799 1855 2834 BP
2003 2758 2007 2848 Ι

297 2855 351 2893 29
378 2865 559 2906 quoque
592 2859 653 2894 B:
688 2852 881 2906 quisque
913 2851 1016 2893 ,11²¹
1047 2852 1149 2906 quis
1183 2851 1245 2893 1³²
