2007 3120
191 111 258 159 14
693 105 1070 159 QVINTILIANI
1098 105 1248 148 INST.
1283 105 1374 148 ΟΒ.

334 239 588 297 [FTILIVS
620 238 773 282 DOMI
803 237 890 280 AN
919 237 986 280 IN
1019 236 1260 281 SCHOLIS
1292 235 1721 293 ERUDIANTUR]

127 337 151 379 1
301 334 363 381 Π.
423 334 516 382 Sed
562 333 701 380 nobis
748 335 849 379 iam
894 333 1137 394 paulatim
1177 332 1452 378 adcrescere
1490 347 1612 391 puer
1651 333 1700 377 et
1738 330 1867 377 exire

189 408 247 454 de
288 409 472 471 gremio
513 411 562 453 et
600 407 783 453 discere
824 407 949 452 serio
988 406 1208 466 incipiat.
1248 405 1338 451 hoc
1370 405 1524 467 igitur
1553 404 1866 465 potissimum

190 482 296 529 loco
336 480 595 528 tractanda
635 480 858 540 quaestio
900 481 986 537 est,
1025 478 1262 524 utiliusne
1295 479 1359 524 sit
1392 477 1522 523 domi
1555 480 1703 538 atque
1733 476 1868 523 intra

187 555 407 616 privatos
439 554 652 614 parietes
686 552 966 599 studentem
998 551 1259 610 continere,
1300 566 1362 596 an
1394 551 1698 610 frequentiae
1730 550 1865 597 scho-
1913 572 1932 603 5

125 619 177 674 2‘'
190 628 346 674 larum
391 630 439 673 et
477 627 613 673 velut
652 625 862 686 publicis
902 623 1298 686 praeceptoribus
1337 623 1542 670 tradere.
1591 622 1721 683 quod
1761 622 1866 683 qui-

188 701 297 747 dem
348 716 458 747 cum
507 701 584 757 iis,
636 714 663 744 a
717 698 892 760 quibus
945 697 1324 744 clarissimarum
1379 697 1658 743 civitatium
1707 711 1865 742 mores

187 778 300 821 sunt
340 774 571 831 instituti,
611 777 715 818 tum
757 770 1154 818 eminentissimis
1196 769 1476 816 auctoribus
1517 768 1657 815 video
1697 769 1865 829 placu-

184 847 293 894 isse.
342 861 438 892 non
472 848 543 892 est
575 850 740 891 tamen
775 843 1199 903 dissimulandum,
1239 858 1340 890 esse
1372 842 1647 900 nonnullos,
1687 842 1773 902 qui
1805 841 1865 888 ab

185 921 276 967 hoc
323 935 475 981 prope
515 918 710 979 publico
750 933 885 965 more
924 917 1123 978 privata
1163 916 1375 976 quadam
1413 916 1729 977 persuasione
1770 914 1864 962 dis·
1891 938 1933 969 10

187 995 416 1040 sentiant.
457 992 506 1038 hi
548 993 667 1038 duas
701 992 964 1053 praecipue
995 992 1210 1037 rationes
1245 989 1383 1049 sequi
1413 988 1663 1035 videntur:
1703 1003 1866 1047 unam,

188 1067 316 1127 quod
356 1065 574 1112 moribus
615 1067 772 1127 magis
815 1065 1072 1111 consulant
1110 1063 1343 1125 fugiendo
1383 1061 1578 1109 turbam
1613 1062 1866 1108 hominum

187 1141 288 1187 eius
331 1141 523 1197 aetat-is,
565 1154 688 1199 quae
729 1138 793 1185 sit
834 1138 896 1184 ad
927 1139 1051 1184 vitia
1083 1138 1293 1184 maxime
1324 1151 1492 1198 prona,
1531 1135 1662 1181 unde
1695 1149 1866 1182 causas

184 1214 402 1273 turpium
453 1213 697 1260 factorum
739 1227 881 1272 saepe
923 1211 1141 1258 extitisse
1181 1209 1371 1256 utinam
1411 1209 1537 1255 falso
1577 1210 1866 1255 iactaretur:

186 1287 409 1344 alteram,
459 1285 601 1346 quod,
651 1285 871 1346 quisquis
919 1285 1113 1331 futurus
1163 1287 1235 1330 est
1274 1283 1358 1329 ille
1399 1285 1702 1344 praeceptor,
1746 1281 1867 1328 libe·
1892 1307 1932 1337 15

184 1361 337 1407 ralius
377 1364 599 1421 tempora
640 1374 727 1406 sua
766 1360 1060 1419 inpensurus
1100 1359 1186 1403 uni
1218 1356 1412 1403 videtur
1445 1370 1591 1417 quam
1625 1357 1667 1402 si
1699 1354 1865 1401 eadem

127 1439 157 1482 3
189 1435 241 1480 in
287 1434 446 1494 pluris
494 1434 753 1494 partiatur.
823 1433 960 1492 prior
1006 1446 1153 1478 causa
1191 1444 1391 1491 prorsus
1433 1429 1619 1491 gravis:
1670 1444 1783 1474 nam
1824 1428 1867 1474 si

187 1507 361 1554 studiis
416 1506 611 1567 quidem
665 1506 853 1552 scholas
905 1505 1155 1566 prodesse,
1210 1502 1425 1550 moribus
1479 1505 1641 1548 autem
1692 1515 1866 1548 nocere

186 1584 452 1638 constaret,
506 1581 670 1641 potior
722 1579 843 1625 mihi
896 1580 1024 1624 ratio
1081 1576 1274 1623 vivendi
1328 1576 1529 1623 honeste
1585 1590 1733 1635 quam
1787 1574 1865 1621 vel

186 1655 369 1714 optime
403 1653 595 1700 dicendi
627 1653 887 1699 videretur.
936 1651 1019 1698 sed
1050 1666 1159 1698 mea
1194 1649 1389 1710 quidem
1422 1650 1665 1696 sententia
1695 1650 1865 1695 iuncta
1891 1673 1931 1704 20

186 1728 282 1774 ista
346 1730 492 1787 atque
546 1726 809 1772 indiscreta
867 1728 1000 1772 sunt:
1066 1740 1220 1784 neque
1279 1724 1406 1770 enim
1463 1737 1565 1769 esse
1621 1724 1864 1769 oratorem

185 1802 281 1848 nisi
331 1801 511 1847 bonum
564 1801 724 1847 virum
772 1799 933 1845 iudico
983 1802 1029 1844 et
1068 1798 1186 1856 fieri,
1239 1797 1386 1843 etiam
1429 1798 1467 1842 si
1508 1797 1685 1857 potest,
1735 1794 1864 1841 nolo.

186 1875 243 1921 de
283 1875 374 1921 hac
414 1891 464 1921 re
503 1874 657 1935 igitur
695 1874 845 1934 prius.

127 1953 155 1996 4
301 1947 559 2008 Corrumpi
608 1962 764 1994 mores
816 1947 866 1991 in
918 1945 1094 1992 scholis
1142 1946 1339 2005 putant:
1395 1958 1508 1989 nain
1556 1954 1603 1988 et
1651 1956 1863 1989 corrum-

186 2024 370 2082 puntur
409 2021 621 2077 interim,
669 2019 753 2066 sed
794 2019 925 2065 domi
964 2033 1172 2079 quoque,
1213 2021 1259 2064 et
1301 2020 1414 2063 sunt·
1452 2015 1609 2062 multa
1650 2016 1751 2062 eius
1790 2015 1863 2060 rei
1889 2041 1928 2072 25

187 2095 422 2155 exempla,
461 2098 564 2140 tam
604 2094 812 2151 hercule,
854 2107 999 2152 quam
1039 2097 1353 2138 conservatae
1394 2089 1697 2137 sanctissime
1729 2090 1857 2134 utro-

186 2168 332 2229 bique
389 2169 645 2228 opinionis.
703 2170 881 2212 natura
937 2165 1168 2224 cuiusque
1222 2168 1382 2210 totum
1434 2178 1645 2223 curaque
1696 2162 1862 2208 distat.

188 2241 249 2288 da
294 2244 506 2288 mentem
556 2241 617 2287 ad
654 2240 822 2300 peiora
862 2239 1072 2296 facilem,
1120 2238 1181 2284 da
1221 2235 1580 2299 neglegentiam
1619 2233 1863 2282 formandi

188 2315 589 2374 custodiendique
650 2315 700 2359 in
765 2316 926 2360 aetate
986 2314 1147 2372 prima
1200 2310 1414 2371 pudoris,
1475 2324 1571 2356 non
1624 2310 1862 2355 minorem

187 2388 387 2451 flagitiis
445 2389 744 2435 occasionem
802 2389 988 2434 secreta
1041 2384 1368 2446 praebuerint.
1437 2399 1549 2430 nam
1602 2386 1651 2429 et
1698 2383 1863 2442 potest
1886 2408 1929 2438 30

186 2463 344 2522 turpis
387 2477 488 2508 esse
528 2461 822 2508 domesticus
862 2462 1164 2521 praeceptor,
1212 2472 1299 2504 nec
1336 2458 1492 2504 tutior
1530 2456 1658 2501 inter
1695 2469 1860 2501 servos

186 2536 340 2582 malos
397 2550 544 2594 quam
596 2536 833 2596 ingenuos
887 2548 1062 2594 parum
1115 2531 1358 2578 modestos
1414 2528 1718 2576 conversatio
1773 2534 1858 2574 est.

306 2664 330 2701 6
363 2659 510 2717 velut]
541 2659 614 2702 vel
648 2660 839 2702 Vollmer
866 2663 871 2711 Ι
899 2657 1119 2714 publicis:
1164 2658 1229 2700 sic
1258 2664 1295 2697 A
1328 2668 1497 2710 quoque
1537 2655 1610 2697 sed
1642 2652 1777 2695 blicis
1809 2653 1860 2693 in

189 2734 262 2762 ras
302 2718 361 2760 ΑΞ
399 2718 651 2774 publicatis
685 2719 838 2769 NB9¹,
883 2719 932 2759 in
972 2730 1057 2772 quo
1095 2714 1351 2770 publicitus
1382 2713 1628 2756 delitescere
1659 2712 1834 2754 videtur
1843 2728 1859 2763 ‚-

186 2777 381 2832 pulpitis
413 2777 725 2832 praeceptoris
758 2779 801 2819 ei
832 2776 1001 2819 Schoell
1106 2778 1160 2816 22
1193 2774 1350 2828 posset
1381 2771 1564 2815 Badius
1671 2774 1724 2812 26
1757 2769 1859 2811 her-

189 2836 287 2879 cule
307 2838 358 2889 cf
376 2836 521 2879 Taciti
543 2836 672 2878 Dial.
699 2839 743 2887 8,
759 2838 822 2878 28
847 2839 887 2877 et
909 2837 981 2885 21,
998 2836 1059 2876 23
1093 2833 1302 2886 (Becher)
1327 2830 1507 2886 perdite
1538 2837 1578 2880 Γ,
1597 2827 1659 2870 1⁹²
1686 2830 1730 2870 in
1760 2841 1859 2880 ras,-

186 2894 339 2937 laesae
372 2893 557 2937 hercule
589 2894 673 2938 edd
698 2895 938 2949 pleraeque
969 2898 1128 2936 veteres
1159 2905 1213 2934 θέε
1243 2890 1355 2934 codd

2004 831 2007 846 l

2006 906 2007 917 η
