2055 3130
241 58 349 111 206
735 57 1105 110 QVINTILIANJ
1134 58 1284 103 INST.
1318 58 1410 103 ΟΒ.

240 198 451 244 iudicem
491 197 650 244 docet:
690 199 742 243 in
782 213 880 258 qua
919 199 962 244 si
1000 197 1246 257 acciderit,
1291 200 1348 244 ut
1388 199 1475 244 aut
1512 213 1610 245 non
1654 197 1914 260 intellegat

241 273 330 317 aut
375 286 473 316 non
521 271 801 316 meminerit
853 272 939 316 aut
989 286 1087 317 non
1143 271 1323 330 credat,
1362 271 1549 318 frustra
1601 271 1653 317 in
1705 272 1912 332 reliquis

240 343 586 390 laborabimus.

152 416 217 460 36
352 417 462 462 Erit
501 418 668 462 autem
705 416 924 462 narratio
976 419 1185 476 aperta
1225 432 1291 463 ac
1332 416 1619 476 dilucida,
1670 419 1711 464 si
1763 417 1914 465 fuerit

241 490 455 550 primum
494 489 715 549 exposita
753 489 914 536 verbis
953 490 1166 550 propriis
1213 494 1261 536 et
1301 489 1688 552 significantibus
1728 493 1777 537 et
1814 506 1912 538 non
1959 507 1980 540 5

241 562 448 610 sordidis
491 562 702 622 quidem,
741 578 839 609 non
878 565 1044 609 tamen
1084 564 1340 623 exquisitis
1380 565 1428 609 et
1468 563 1528 609 ab
1568 580 1659 611 usu
1696 565 1913 625 remotis,

240 638 347 681 tum
394 635 629 683 distincta
677 636 833 695 rebus,
888 636 1130 696 personis,
1187 636 1498 697 temporibus,
1550 638 1685 696 locis,
1739 637 1913 697 causis,

243 708 353 769 ipsa
392 709 541 755 etiam
580 709 982 769 pronuntiatione
1021 711 1071 755 in
1112 710 1203 756 hoc
1242 709 1622 770 accommodata,
1673 713 1732 756 ut
1768 710 1913 757 iudex

156 783 217 826 37
246 798 371 842 quae
413 782 636 828 dicentur
675 798 823 842 quam
861 782 1094 828 facillime
1121 784 1344 843 accipiat.
1385 799 1509 844 quae
1535 783 1733 843 quidem
1756 784 1913 831 virtus

241 855 521 917 neglegitur
567 871 595 902 a
649 855 891 916 plurimis,
942 857 1028 916 qui
1083 856 1143 902 ad
1198 857 1460 903 clamorem
1515 857 1782 917 dispositae
1835 857 1915 904 vel
1938 874 1982 907 10

242 930 392 974 etiam
432 930 559 975 forte
599 929 921 975 circumfusae
959 929 1291 976 multitudinis
1331 929 1570 990 conpositi
1609 946 1708 976 non
1749 930 1914 977 ferunt

242 1001 365 1047 illud
406 1002 692 1049 intentionis
732 1003 985 1049 silentium
1031 1018 1118 1049 nec
1166 1003 1260 1049 sibi
1314 1003 1484 1049 diserti
1530 1003 1772 1062 videntur,
1818 1003 1915 1050 nisi

243 1076 408 1122 omnia
448 1075 665 1122 tumultu
706 1079 752 1122 et
783 1076 1135 1123 vociferatione
1161 1077 1515 1124 concusserint:
1554 1092 1658 1123 rem
1695 1076 1914 1124 indicare

242 1151 478 1195 sermonis
529 1149 766 1195 cotidiani
816 1152 865 1195 et
909 1151 960 1195 in
1003 1165 1356 1210 quemcumque
1398 1150 1548 1196 etiam
1585 1150 1915 1197 indoctiorum

242 1221 460 1269 cadentis
508 1224 803 1281 existimant,
850 1238 958 1269 cum
1005 1223 1226 1282 interim,
1277 1223 1408 1283 quod
1461 1226 1714 1284 tamquam
1767 1224 1913 1270 facile
1939 1242 1981 1274 15

242 1298 583 1355 contemnunt,
633 1298 819 1343 nescias
874 1299 1124 1356 praestare
1179 1296 1338 1343 minus
1394 1296 1549 1343 velint
1599 1312 1661 1343 an
1710 1298 1912 1357 possint.

153 1369 216 1414 38
241 1385 399 1429 neque
439 1371 568 1415 enim
609 1369 744 1415 aliud
782 1369 833 1414 in
881 1369 1161 1430 eloquentia
1209 1373 1384 1416 cuncta
1431 1371 1618 1431 experti
1665 1370 1915 1417 difficilius

239 1444 500 1502 reperient,
541 1458 691 1503 quam
730 1442 794 1501 id,
835 1443 965 1503 quod
1004 1458 1053 1489 se
1086 1442 1300 1490 dicturos
1339 1444 1488 1490 fuisse
1521 1459 1686 1491 omnes
1718 1446 1915 1504 putant,

242 1518 506 1576 postquam
547 1516 825 1574 audierunt,
866 1517 981 1576 quia
1022 1532 1118 1563 non
1150 1517 1279 1562 bona
1310 1516 1531 1563 iudicant
1563 1532 1664 1564 esse
1695 1517 1798 1576 illa,
1831 1517 1914 1564 sed

241 1604 371 1636 vera.
413 1591 518 1635 tum
559 1592 725 1635 autem
766 1590 948 1650 optime
989 1590 1111 1636 dicit
1150 1593 1339 1648 orator,
1390 1605 1498 1636 cum
1553 1590 1749 1637 videtur
1797 1606 1916 1637 vera
1939 1609 1983 1640 20
2041 1635 2046 1640 .

151 1663 215 1707 39
241 1662 412 1709 dicere.
463 1667 514 1709 at
553 1679 680 1710 nunc
719 1663 855 1709 velut
895 1679 1121 1723 campum
1160 1665 1294 1710 nacti
1341 1664 1656 1724 expositionis
1703 1664 1782 1711 hio
1829 1680 1914 1725 po-

239 1737 486 1783 tissimum
551 1739 600 1783 et
660 1752 828 1783 vocem
890 1737 1094 1783 flectunt
1156 1741 1203 1783 et
1265 1739 1502 1784 cervicem
1562 1740 1806 1798 reponunt
1866 1740 1916 1785 et

239 1809 519 1856 bracchium
559 1811 610 1855 in
651 1810 780 1857 latus
819 1812 1009 1856 iactant
1039 1813 1241 1871 totoque
1282 1813 1330 1857 et
1367 1827 1528 1857 rerum
1568 1813 1616 1857 et
1654 1811 1915 1858 verborum

240 1886 289 1929 et
314 1883 682 1943 compositionis
715 1899 887 1945 genere
919 1884 1205 1931 lasciviunt:
1239 1884 1425 1937 deinde,
1453 1884 1583 1944 quod
1608 1885 1672 1931 sit
1695 1887 1913 1932 monstro

242 1957 415 2015 simile,
465 1957 629 2017 placet
668 1957 809 2016 actio,
859 1972 1006 2004 causa
1054 1974 1148 2004 non
1196 1958 1516 2021 intellegitur.
1570 1974 1738 2005 verum
1793 1959 1914 2005 haec
1937 1976 1981 2008 25

242 2032 549 2088 omittamus,
612 2046 671 2077 ne
721 2033 881 2076 minus
937 2032 1125 2092 gratiae
1181 2031 1523 2092 praecipiendo
1577 2034 1711 2078 recta
1767 2048 1914 2092 quam

244 2104 454 2150 offensae
494 2104 827 2164 reprendendo
867 2120 1020 2164 prava
1059 2121 1345 2152 mereamur.

153 2175 218 2221 40
353 2177 560 2223 Brevis
603 2179 695 2224 erit
734 2178 952 2224 narratio
993 2180 1106 2224 ante
1148 2179 1326 2237 omnia,
1374 2178 1416 2225 si
1461 2178 1573 2224 inde
1615 2178 1913 2239 coeperimus

240 2266 343 2296 rem
383 2266 635 2310 exponere,
689 2252 815 2297 unde
857 2251 919 2296 ad
957 2252 1166 2297 iudicem
1207 2254 1433 2312 pertinet,
1474 2251 1661 2310 deinde,
1709 2253 1751 2299 si
1789 2252 1913 2298 nihil

243 2327 379 2370 extra
419 2338 615 2370 causam
656 2324 931 2383 dixerimus,
973 2328 1077 2371 tum
1119 2326 1283 2383 etiam,
1323 2327 1364 2372 si
1387 2325 1699 2372 reciderimus
1733 2325 1912 2384 omnia,
1937 2343 1981 2374 30
2054 2315 2055 2355 ]

244 2397 417 2457 quibus
458 2397 666 2444 sublatis
706 2414 863 2458 neque
904 2398 1173 2460 cognitioni
1213 2399 1482 2459 quidquam
1513 2415 1668 2459 neque
1700 2399 1915 2446 utilitati

153 2468 214 2513 41
244 2470 552 2529 detrahatur,
606 2472 729 2517 solet
776 2471 904 2518 enim
960 2472 1201 2531 quaedam
1256 2487 1356 2520 esse
1410 2472 1630 2532 partium
1683 2472 1912 2532 brevitas,

244 2559 367 2603 quae
417 2544 616 2606 longam
678 2548 843 2591 tamen
898 2545 1048 2591 efficit
1099 2561 1350 2592 summam.
1417 2542 1486 2591 ‘in
1539 2547 1735 2606 portum
1785 2545 1913 2605 veni,

241 2632 419 2663 navem
457 2619 699 2678 prospexi,
739 2618 913 2678 quanti
951 2619 1148 2665 veheret
1179 2619 1496 2681 interrogavi,
1536 2618 1593 2665 de
1616 2620 1776 2679 pretio
1801 2634 1913 2666 con-

363 2790 416 2829 10
450 2786 688 2842 dispositis
720 2786 855 2830 BP1‘?
989 2792 1043 2829 14
1075 2787 1366 2831 indoctorum
1397 2796 1434 2829 A
1558 2793 1609 2832 17
1644 2790 1810 2831 cuncta
1843 2801 1912 2832 om

240 2852 330 2887 BP
447 2849 500 2887 25
534 2845 621 2888 hoc
652 2853 740 2887 BP
857 2849 912 2888 28
944 2845 1052 2888 inde
1084 2861 1153 2890 om
1184 2855 1229 2888 B
