2055 3130
284 74 390 126 258
780 73 1153 127 QVINTILIANI
1182 73 1330 116 INST.
1364 73 1455 117 ΟΒ.

286 216 401 261 sunt
438 214 547 260 illa:
590 209 814 272 ε1013111511,
852 213 1131 274 profugisti,
1169 213 1348 259 livores
1389 215 1438 259 et
1467 215 1683 260 tumores
1715 228 1952 274 apparue-

286 283 434 334 runt'.
475 286 631 334 isdem
668 288 943 346 temporum
983 285 1214 348 gradibus
1247 285 1469 333 defensor
1499 287 1667 332 utetur
1698 286 1760 332 ad
1793 286 1953 333 detra-

197 361 257 406 47
285 361 497 407 hendam
536 361 593 420 ei,
644 359 772 419 quod
820 359 1044 419 obicitur,
1090 358 1246 406 fidem.
1293 360 1345 405 in
1385 359 1459 406 his
1507 360 1664 406 omnis
1711 359 1952 406 factorum

286 433 623 493 dictorumque
655 434 782 479 ratio
815 435 1051 491 versatur,
1092 433 1175 478 sed
1207 432 1481 493 dupliciter.
1521 448 1636 478 nam
1659 431 1782 479 fiunt
1808 448 1953 492 quae-

285 507 412 565 dam,
453 507 569 566 quia
610 505 746 552 aliud
783 510 955 566 postea
994 505 1215 551 futurum
1248 509 1333 564 est,
1375 505 1628 565 quaedam,
1670 506 1786 566 quia
1817 506 1955 552 aliud
1999 522 2018 554 5

286 583 431 626 antea
471 580 658 626 factum
697 582 792 625 est:
832 582 887 625 ut
927 594 1036 625 cum
1069 578 1280 626 obicitur
1309 594 1391 624 reo
1424 579 1667 638 lenocinii,
1708 580 1953 639 speciosae

285 654 486 712 marito,
543 652 672 712 quod
719 652 949 698 adulterii
996 652 1278 698 damnatam
1335 651 1582 712 quondam
1629 653 1813 710 emerit,
1869 655 1956 699 aut

285 725 540 787 parricidii
577 741 660 772 reo
700 726 963 784 luxurioso,
1004 725 1133 786 quod
1172 725 1349 771 dixerit
1386 726 1538 786 patri:
1582 721 1695 772 ‘non
1743 726 1956 786 amplius

285 815 361 846 me
403 795 717 861 obiurgabis'.
758 814 873 844 nam
913 802 961 844 et
1000 799 1083 845 ille
1123 814 1220 845 non
1261 800 1375 859 quia
1416 800 1548 857 emit,
1587 798 1697 845 leno
1738 801 1824 858 est,
1872 799 1954 846 sed

286 874 402 933 quia
442 873 551 919 leno
594 875 711 932 erat,
752 873 884 931 emit,
931 887 1019 918 nec
1057 872 1137 918 hic
1177 873 1293 932 quia
1332 873 1402 918 sic
1442 874 1547 918 erat
1583 872 1790 930 locutus,
1831 873 1953 919 occi·
1978 888 2023 919 10

198 948 260 992 48
289 946 376 1005 dit,
416 946 500 993 sed
538 947 655 1006 quia
695 948 800 992 erat
840 947 1099 1004 occisurus,
1139 947 1207 992 sic
1245 946 1436 992 locutus
1471 948 1555 991 est.
1598 960 1736 992 casus
1777 948 1955 1004 autem,

287 1021 372 1080 qui
412 1022 459 1066 et
497 1021 602 1079 ipse
643 1021 862 1080 praestat
901 1020 1202 1081 argumentis
1241 1019 1417 1078 locum,
1457 1020 1559 1066 sine
1601 1018 1746 1066 dubio
1787 1021 1860 1065 est
1899 1034 1956 1064 ex

284 1093 669 1153 insequentibus,
710 1092 793 1140 sed
833 1093 1043 1153 quadam
1083 1093 1384 1153 proprietate
1426 1092 1759 1154 distinguitur,
1811 1094 1866 1138 ut
1913 1093 1958 1139 si

285 1166 466 1213 dicam:
521 1163 711 1213 ‘melior
759 1166 854 1212 dux
896 1165 1060 1226 Scipio
1101 1182 1250 1226 quam
1288 1165 1552 1224 Hannibal,
1602 1167 1723 1212 vicit
1768 1165 1956 1211 Hanni-

286 1236 488 1286 balem':
538 1236 710 1286 ‘bonus
751 1239 1064 1301 gubernator,
1118 1254 1386 1299 numquam
1440 1239 1556 1284 fecit
1601 1235 1955 1301 naufragium’:
1981 1256 2025 1287 15

287 1310 458 1360 ‘bonus
492 1313 723 1375 agricola,
755 1328 957 1375 magnos
984 1312 1184 1360 sustulit
1209 1309 1433 1359 fructus'.
1474 1314 1522 1358 et
1554 1315 1746 1358 contra:
1773 1308 1956 1373 ‘sump-

283 1390 454 1434 tuosus
499 1388 607 1447 fuit,
648 1387 1000 1447 patrimonium
1044 1382 1310 1432 exhausit':
1352 1381 1582 1446 ‘turpiter
1623 1387 1763 1445 vixit,
1803 1387 1956 1432 omni-

196 1461 260 1505 49
286 1461 376 1507 bus
416 1461 604 1507 invisus
646 1456 751 1507 est’.
803 1460 1066 1506 intuendae
1109 1463 1222 1506 sunt
1268 1459 1625 1520 praecipueque
1671 1461 1724 1505 in
1771 1460 1956 1506 coniec-

285 1535 409 1580 turis
451 1536 499 1580 et
537 1533 821 1593 facultates3
863 1533 1141 1580 credibilius
1183 1535 1255 1579 est
1295 1534 1423 1579 enim
1457 1533 1640 1580 occisos
1675 1548 1702 1578 a
1732 1533 1955 1593 pluribus

285 1608 553 1668 pauciores,
604 1624 629 1653 a
677 1606 973 1653 firmioribus
1013 1606 1355 1664 inbecilliores,
1404 1621 1431 1652 a
1478 1605 1800 1668 vigilantibus
1849 1606 1955 1653 dor-
1981 1623 2027 1654 20

286 1682 499 1739 mientis,
547 1696 575 1726 a
623 1680 930 1741 praeparatis
984 1682 1287 1741 inopinatos:
1343 1695 1552 1740 quorum
1607 1681 1852 1727 contraria
1906 1680 1957 1726 in

197 1757 262 1800 50
288 1754 534 1801 diversum
574 1755 754 1800 valent.
809 1754 928 1801 haec
976 1758 1024 1800 et
1070 1755 1120 1800 in
1169 1753 1483 1800 deliberando
1530 1755 1781 1800 intuemur
1819 1755 1868 1800 et
1905 1755 1954 1799 in

284 1827 479 1875 iudiciis
521 1827 582 1874 ad
624 1827 742 1874 duas
782 1844 858 1874 res
900 1827 1108 1874 solemus
1141 1828 1336 1886 referre,
1377 1843 1438 1872 an
1478 1827 1692 1873 voluerit
1731 1828 1854 1887 quis,
1895 1842 1959 1872 an

285 1903 524 1962 potuerit,
565 1916 677 1947 nam
726 1904 773 1947 et
821 1902 1127 1948 voluntatem
1175 1916 1282 1961 spes
1330 1900 1461 1947 facit.
1517 1900 1630 1946 hinc
1683 1901 1771 1946 illa
1826 1901 1955 1961 apud

287 1974 568 2021 Ciceronem
610 1977 910 2021 coniectura:
953 1970 1232 2021 ‘insidiatus
1275 1976 1347 2021 est
1390 1973 1586 2021 Clodius
1626 1973 1813 2032 Miloni,
1859 1989 1957 2020 non
1981 1990 2026 2022 25

288 2048 405 2095 Milo
449 2047 639 2095 Clodio:
679 2048 763 2095 ille
805 2063 908 2094 cum
954 2050 1105 2095 servis
1145 2047 1374 2106 robustis,
1424 2048 1503 2094 hic
1544 2062 1655 2093 cum
1694 2047 1958 2094 mulierum

288 2123 540 2182 comitatu,
580 2122 665 2168 ille
707 2122 860 2182 equis,
900 2122 977 2168 hic
1017 2123 1067 2167 in
1107 2122 1271 2180 racda,
1310 2122 1393 2167 ille
1427 2121 1696 2180 expeditUS,
1734 2121 1813 2167 1110
1843 2136 1958 2181 pae-

199 2197 258 2240 51
289 2196 405 2241 nula
444 2191 706 2242 inretitus'.
755 2196 982 2242 facultati
1030 2198 1192 2241 autem
1247 2196 1361 2241 licet
1413 2196 1793 2242 instrumentum
1847 2210 1957 2241 con-

289 2269 512 2331 iungere,
559 2272 673 2315 sunt
713 2270 841 2315 enim
882 2270 933 2315 in
979 2271 1118 2328 parte
1159 2268 1410 2315 facultatis
1462 2271 1508 2315 et
1542 2269 1724 2328 copiae.
1779 2268 1862 2315 sed
1902 2283 1960 2314 ex

289 2343 614 2389 instrumento
655 2342 920 2402 aliquando
954 2344 1104 2389 etiam
1136 2344 1277 2404 signa
1308 2345 1589 2400 nascuntur,
1628 2345 1684 2388 ut
1714 2341 1958 2402 spiculum
1982 2358 2034 2389 30

201 2417 341 2462 52111
393 2431 592 2476 corpore
642 2417 906 2462 inventum.
961 2416 1037 2462 his
1087 2415 1298 2461 adicitur
1346 2415 1533 2474 modus,
1589 2430 1733 2474 quem
1777 2412 1957 2476 τρόπον

288 2489 474 2548 dicunt,
516 2505 610 2549 quo
652 2491 918 2550 quaeritur,
967 2504 1108 2549 quem
1151 2489 1211 2534 ad
1249 2489 1447 2535 modum
1488 2488 1605 2549 quid
1652 2490 1718 2535 sit
1757 2488 1956 2535 factum.

407 2634 459 2670 ‘25
492 2644 535 2684 p.
570 2628 666 2672 Mil.
703 2635 770 2681 10,
797 2633 851 2672 ‘29

406 2753 430 2789 ἴ)
465 2750 535 2790 est
567 2761 634 2790 om
667 2755 703 2788 A
825 2752 849 2789 6
884 2749 990 2789 ante
1022 2754 1106 2788 ΑΡ
1224 2751 1247 2787 7
1281 2746 1515 2801 quondam
1546 2747 1781 2789 Burman:
1813 2758 1958 2799 quan-

289 2807 395 2849 dam
517 2811 568 2848 11
604 2819 736 2848 casus
770 2814 893 2848 Pub:
927 2806 966 2848 is
998 2813 1042 2847 B
1161 2810 1213 2848 17
1248 2805 1317 2847 vel
1350 2804 1561 2847 omnibus
1593 2812 1677 2846 AB
1705 2803 1777 2847 vel
1807 2805 1857 2846 in
1881 2817 1960 2846 ras

287 2880 357 2908 om
390 2873 433 2907 P
550 2870 602 2906 21
638 2864 932 2920 inopinantes
958 2873 1025 2905 Ab
1148 2869 1198 2906 27
1233 2863 1279 2906 in
1314 2879 1383 2908 om
1414 2871 1502 2906 BP
1619 2867 1673 2905 29
1707 2862 1787 2905 sed
1820 2875 1889 2905 om
1920 2870 1958 2903 A
