2007 3120
784 57 816 100 Ι.
868 62 908 112 6,
942 61 1099 100 3—14.
1714 57 1782 107 41

90 201 368 261 portionem
409 199 634 260 sequenti
673 198 832 245 dicere
871 213 1066 245 necesse
1101 199 1175 244 est
1208 193 1422 243 ‘fervire’
1458 199 1514 243 ut
1548 192 1786 244 ‘servire'.

91 274 252 335 prima
294 289 488 334 quoque
530 272 797 333 aliquando
837 271 1024 333 positio
1066 288 1122 317 ex
1163 272 1376 331 obliquis
1416 272 1683 330 invenitur,
1731 275 1788 317 ut
1813 279 1883 324 10

90 347 329 395 memoria
373 350 543 408 repeto
592 347 842 394 convictos
893 361 921 392 a
967 362 1059 405 me,
1113 346 1199 406 qui
1236 345 1604 406 reprenderant,
1657 346 1786 406 quod

91 423 184 469 hoc
228 421 379 469 verbo
426 437 543 468 usus
593 436 751 468 essem
801 415 1030 483 ‘pepigi’z
1093 435 1209 466 nam
1259 419 1312 465 id
1360 419 1558 480 quidem
1606 419 1787 467 dixisse

47 514 65 547 5
91 512 307 544 Summos
356 498 579 542 auctores
622 495 996 553 confitebantur,
1046 495 1289 541 rationem
1329 496 1498 540 tamen
1537 494 1790 556 negabant

0 563 2 605 l
89 571 404 631 permittere,
461 570 576 630 quia
630 570 792 630 prima
846 568 1028 630 positio
1087 563 1362 629 ‘paciscor',
1418 584 1529 614 cum
1583 568 1790 615 haberet

0 640 1 647 ¹
89 647 322 692 naturam
359 644 598 706 patiendi,
637 644 820 690 faceret
859 646 1080 703 tempore
1112 641 1379 704 praeterito
1415 638 1606 703 ‘pactus
1641 638 1786 689 sum'.

90 735 177 766 nos
240 720 438 780 praeter
499 719 848 765 auctoritatem
912 719 1165 764 oratorum
1227 719 1376 778 atque
1438 716 1789 764 historicorum
1815 724 1875 768 11

92 793 323 856 analogia
373 808 566 854 quoque
631 792 819 839 dictum
866 791 1140 838 tuebamur.
1181 807 1298 837 nam
1353 807 1463 838 cum
1511 792 1789 853 legeremus

27 886 68 917 10
92 869 145 914 in
184 866 280 913 XII
318 867 503 914 tabulis
543 868 605 912 ni
642 867 729 913 ita
769 869 1022 927 pagunt,
1061 865 1432 913 inveniebamus
1475 866 1635 912 simile
1674 866 1789 912 huic

93 937 336 988 ‘cadunt'z
375 941 489 988 inde
529 942 693 1002 prima
732 941 931 1001 positio,
975 941 1173 987 etiamsi
1211 943 1459 987 vetustate
1493 940 1789 1002 exoleverat,

93 1015 368 1078 apparebat
409 1011 576 1078 ‘pago'
626 1018 682 1062 ut
730 1010 909 1074 ‘cado’,
962 1015 1090 1061 unde
1145 1030 1243 1061 non
1300 1016 1406 1061 erat
1457 1013 1664 1061 dubium
1720 1016 1790 1061 sic

91 1085 301 1153 ‘pepigi'
341 1107 430 1138 nos
473 1090 633 1136 dicere
671 1091 730 1136 ut
771 1085 976 1137 ‘cecidi’.
1034 1089 1118 1136 sed
1158 1090 1524 1136 meminerimus
1564 1105 1663 1136 non
1702 1104 1791 1150 per
1817 1096 1884 1140 12

92 1166 259 1212 omnia
311 1165 425 1211 duci
472 1165 732 1227 analogiae
779 1179 923 1224 posse
971 1163 1230 1223 rationem,
1283 1179 1394 1210 cum
1442 1166 1490 1210 et
1538 1163 1633 1210 sibi
1678 1163 1790 1225 ipsa

24 1257 65 1289 15
90 1240 318 1302 plurimis
359 1240 407 1285 in
450 1239 571 1286 locis
610 1241 866 1301 repugnet.
932 1238 1174 1298 quaedam
1214 1238 1317 1285 sine
1360 1237 1508 1284 dubio
1549 1241 1793 1285 conantur

90 1314 272 1360 eruditi
304 1313 577 1373 defendere,
608 1315 679 1372 ut,
713 1329 822 1360 cum
856 1313 1152 1373 deprensum
1186 1315 1273 1373 est,
1308 1308 1486 1372 ‘lepus'
1521 1315 1570 1359 et
1602 1307 1791 1374 <lupus⁷

90 1389 277 1436 similia
315 1388 563 1449 positione
604 1390 846 1448 quantum
888 1387 1082 1434 casibus
1122 1388 1442 1448 numerisque
1478 1387 1794 1446 dissentiant,

88 1464 162 1510 ita
201 1462 503 1523 respondent
540 1478 640 1509 non
681 1478 783 1510 esse
816 1463 974 1523 paria,
1017 1463 1134 1522 quia
1168 1457 1349 1522 ‘lepus’
1395 1463 1665 1523 epicoenon
1709 1463 1792 1520 sit,

92 1533 279 1598 ‘lupus'
327 1537 669 1596 masculinum,
725 1552 1031 1598 quamquam
1070 1536 1229 1583 Varro
1280 1537 1332 1583 in
1385 1552 1440 1583 eo
1492 1536 1636 1596 libro,
1693 1552 1792 1597 quo

23 1630 65 1660 20
89 1613 237 1659 initia
288 1611 423 1659 urbis
473 1606 772 1675 [Romanae]
822 1614 1034 1670 enarrat,
1089 1611 1294 1672 lupum
1341 1611 1621 1657 feminam
1669 1610 1792 1658 dicit

90 1687 309 1733 Ennium
354 1686 697 1747 Pictoremque
746 1685 958 1732 Fabium
1008 1687 1216 1733 secutus.
1288 1686 1365 1731 illi
1421 1688 1589 1732 autem
1642 1685 1885 1744 idem,13

91 1776 202 1807 curn
239 1762 627 1823 interrogantur,
668 1776 753 1807 cur
795 1756 934 1820 ‘aper
974 1755 1101 1820 apri’
1135 1762 1184 1806 et
1219 1756 1381 1821 ‘pater
1411 1755 1590 1821 patris’
1623 1760 1791 1820 faciat,

89 1835 215 1881 illud
269 1851 448 1882 nomen
502 1837 735 1896 positum,
799 1835 891 1882 hoc
947 1834 1011 1880 ad
1066 1834 1255 1895 aliquid
1311 1850 1414 1882 esse
1472 1834 1790 1881 contendunt.

89 1912 347 1970 praeterea
383 1911 619 1970 quoniam
649 1912 915 1969 utrumque
949 1924 978 1954 a
1012 1907 1198 1956 Graeco
1232 1909 1433 1955 ductum
1466 1911 1544 1968 sit,
1586 1909 1647 1955 ad
1681 1925 1791 1956 eam

23 2001 64 2032 25
89 1984 335 2031 rationem
374 1986 648 2044 recurrunt,
688 1986 744 2030 ut
785 1978 985 2046 (πατρός
1017 1985 1191 2044 patris,
1231 1982 1422 2046 κάπρου
1458 1979 1585 2045 apri’
1618 1985 1786 2031 faciat.

88 2058 179 2105 illa
224 2061 391 2105 tamen
442 2059 687 2119 quomodo
728 2058 980 2121 effugient,
1027 2061 1083 2104 ut
1121 2074 1234 2119 non,
1284 2058 1509 2119 quamvis
1549 2059 1791 2105 feminina
1817 2064 1885 2111 14

91 2133 335 2195 singulari
360 2132 669 2180 nominativo
713 2128 806 2180 ‘us’
841 2133 1024 2179 litteris
1065 2132 1207 2179 finita
1246 2148 1516 2193 numquam
1558 2134 1790 2195 genetivo

91 2222 208 2254 casu
249 2202 356 2254 ‘ris'
396 2207 589 2269 syllaba
627 2208 970 2268 terminentur,
1011 2206 1166 2254 faciat
1204 2210 1373 2254 tamen
1411 2202 1595 2255 ‘Venus
1629 2207 1790 2254 Vene-

89 2277 214 2329 ris'?
269 2283 404 2341 item,
453 2297 564 2328 cum
604 2297 653 2329 es
693 2282 875 2329 litteris
915 2280 1058 2328 finita
1097 2298 1185 2343 per
1223 2283 1388 2329 varios
1430 2285 1605 2329 exeant
1645 2298 1791 2345 gene-

211 2443 266 2482 10
298 2439 393 2482 tab.
430 2444 470 2493 1,
506 2443 528 2481 7
561 2438 711 2481 Bruns
836 2443 889 2481 21
924 2438 1040 2482 Enn.
1075 2440 1193 2481 Ann.
1230 2444 1283 2482 68
1318 2442 1364 2482 et
1400 2444 1452 2482 70
1485 2439 1539 2482 V.

210 2593 234 2630 9
263 2588 443 2630 dictum
466 2587 554 2630 hoc
570 2596 608 2629 A
625 2587 712 2630 hoc
731 2589 817 2641 (om
837 2588 1030 2644 dictum)
1058 2596 1090 2630 S
1138 2592 1192 2631 10
1211 2590 1395 2645 pagunt
1417 2596 1518 2631 AP:
1545 2590 1722 2644 pacunt
1745 2596 1798 2630 B

168 2652 220 2690 12
261 2661 380 2703 paco
412 2655 458 2690 B
609 2652 663 2690 14
705 2650 751 2690 et
784 2647 876 2690 sibi
906 2656 966 2690 A:
1010 2647 1100 2690 sibi
1130 2655 1221 2691 BP
1372 2652 1424 2692 17
1468 2647 1611 2690 simili
1641 2655 1732 2690 BP

94 2710 147 2749 18
179 2706 250 2750 ita
281 2707 365 2760 def
381 2708 541 2750 Kroll:
572 2707 666 2750 ista
697 2708 807 2751 Keil
959 2712 1014 2750 20
1047 2708 1287 2751 Romanae
1320 2709 1371 2750 in
1402 2715 1492 2750 BP
1520 2714 1625 2751 ante
1657 2707 1788 2749 urbis

91 2767 354 2810 collocatum
387 2767 458 2809 del
485 2766 701 2811 Claussen
825 2771 878 2808 23
911 2767 1116 2822 positum
1149 2773 1212 2811 est
1243 2768 1357 2810 idem
1392 2768 1509 2823 quod
1533 2767 1786 2822 positivum

94 2826 333 2870 Macrobio
374 2825 470 2869 Sat.
498 2830 537 2878 1,
570 2831 611 2879 4,
646 2830 670 2868 9
863 2831 916 2868 26
964 2841 1056 2870 non
1098 2826 1259 2869 ABn¹2
1315 2827 1507 2869 nomina
1547 2840 1647 2870 corr
1693 2833 1788 2878 Bu,

90 2890 259 2935 ByNP
376 2889 432 2927 28
463 2886 774 2928 terminentur
806 2893 857 2927 S:
900 2885 1213 2929 terminantur
1242 2894 1333 2928 BP
1366 2886 1646 2929 terminatur
1676 2893 1714 2926 Α
