2055 3130
239 62 344 113 238
737 63 1108 116 QV1NT1LIAN1
1137 64 1287 108 INST.
1321 64 1412 109 ΟΒ.

240 205 326 248 aut
364 202 422 261 is,
460 203 510 248 in
553 218 697 262 quem
736 204 986 264 signatum
1025 206 1111 262 est,
1151 207 1237 250 aut
1276 204 1455 265 aliquis
1488 206 1708 267 signator
1731 205 1915 253 dicitur

241 275 424 322 afuisse
464 275 542 321 vel
581 277 717 335 prius
757 290 859 322 esse
898 276 1170 336 defunctus,
1210 279 1252 324 si
1288 281 1514 338 tempora
1563 294 1661 325 non
1708 294 1913 341 congru-

238 351 340 407 unt,
383 348 423 394 si
462 348 542 395 vel
581 348 921 396 antecedentia
959 350 1038 396 vel
1061 352 1374 410 insequentia
1403 351 1586 398 tabulis
1618 354 1912 415 repugnant.

236 422 477 481 inspectio
518 423 667 468 etiam
705 423 815 482 ipsa
854 438 998 483 saepe
1037 423 1217 470 falsum
1256 424 1587 484 deprehendit.

761 546 860 603 [DE
890 547 1035 589 IURE
1068 547 1379 606 IURANDO.]
1959 574 1980 606 5

179 641 204 683 1
351 639 435 686 VI.
474 640 558 687 Ius
597 641 857 688 iurandum
909 643 1185 705 litigatores
1235 645 1321 690 aut
1367 643 1578 690 offerunt
1630 659 1771 691 suum
1826 646 1913 692 aut

235 729 333 760 non
371 715 616 774 recipiunt
656 714 876 761 oblatum
916 719 1003 761 aut
1043 716 1102 762 ab
1143 717 1421 764 adversario
1463 718 1665 779 exigunt
1705 721 1790 764 aut
1837 734 1912 765 re-

236 791 423 847 cusant,
464 803 573 834 cum
613 787 673 834 ab
711 789 832 848 ipsis
874 790 1110 852 exigatur.
1152 790 1322 836 offerre
1363 806 1505 837 suum
1544 790 1645 837 sine
1677 791 1766 837 illa
1799 807 1912 838 con-

239 860 444 919 (11610116,
483 864 538 906 ut
577 861 656 907 vel
696 861 1002 909 adversarius
1041 865 1184 922 iuret,
1231 863 1331 910 fere
1370 863 1631 924 inprobum
1685 867 1770 911 est
1826 866 1912 925 qui

233 936 400 980 tamen
438 934 491 980 id
529 935 691 995 saciet,
732 938 817 982 aut
855 937 960 982 vita
1001 951 1050 983 se
1088 901 1320 1018 tuebitur,
1359 940 1416 983 ut
1455 953 1566 984 eum
1595 953 1693 985 non
1718 938 1784 985 sit
1808 953 1978 986 cre-10
2030 974 2035 985 ,

234 1007 383 1053 dibile
423 1009 770 1067 peieraturum,
822 1013 909 1056 aut
955 1010 1063 1070 ipsa
1118 1011 1167 1057 vi
1212 1010 1464 1073 religionis
1521 1007 1595 1076 (in
1645 1027 1742 1071 qua
1796 1012 1910 1072 plus
2030 1001 2035 1021 ¹

233 1080 347 1139 fidei
387 1083 714 1141 consequitur,
756 1084 797 1128 si
836 1083 887 1129 id
926 1085 1095 1144 egerit,
1142 1087 1201 1129 ut
1239 1099 1337 1130 non
1377 1084 1549 1144 cupide
1592 1084 1654 1131 ad
1691 1085 1783 1131 hoc
1831 1085 1912 1132 de-

233 1154 476 1213 scendere,
528 1155 612 1201 sed
650 1171 709 1201 ne
748 1156 838 1202 hoc
887 1157 1084 1216 quidem
1131 1172 1353 1204 recusare
1400 1153 1666 1222 videatur),
1714 1160 1819 1218 aut,
1868 1160 1912 1205 si

233 1242 380 1275 causa
419 1230 653 1289 patiatur,
691 1229 836 1276 modo
868 1229 985 1290 litis,
1025 1233 1226 1291 propter
1257 1247 1406 1291 quam
1438 1231 1700 1278 devoturus
1725 1247 1774 1278 se
1804 1233 1911 1293 ipse

233 1317 330 1347 non
371 1301 542 1348 fuerit:
585 1306 669 1348 aut
708 1306 902 1362 praeter
941 1304 1039 1350 alia
1081 1319 1255 1351 causae
1287 1305 1615 1351 instrumenta
1647 1304 1828 1352 adiciet
1853 1321 1911 1351 ex
1935 1322 1977 1353 15

178 1373 207 1416 3
242 1374 514 1421 abundanti
553 1375 677 1422 113116
730 1392 922 1437 quoque
977 1379 1304 1424 conscientiae
1359 1393 1475 1424 suae
1528 1377 1769 1425 fiduciam.
1826 1381 1912 1439 qui

235 1464 332 1494 non
371 1448 588 1509 recipiet,
630 1451 677 1494 et
701 1449 923 1510 iniquam
957 1451 1289 1497 condicionem
1322 1455 1370 1497 et
1403 1467 1431 1498 a
1462 1452 1631 1498 multis
1665 1454 1911 1499 contemni

235 1522 358 1568 iuris
398 1522 596 1568 iurandi
634 1527 820 1569 metum
861 1524 1002 1583 dicet,
1043 1539 1152 1570 cum
1193 1526 1342 1571 etiam
1380 1525 1662 1585 philosophi
1710 1525 1908 1586 quidam

234 1597 335 1642 sint
372 1597 569 1655 reperti,
611 1598 695 1656 qui
734 1597 848 1644 deos
890 1613 1032 1659 agere
1070 1614 1233 1644 rerum
1271 1599 1597 1645 humanarum
1630 1615 1796 1645 curam
1827 1615 1907 1646 ne-

233 1670 432 1730 garent:
475 1685 582 1715 eum
625 1686 754 1729 vero,
796 1672 881 1730 qui
918 1671 1054 1718 nullo
1096 1672 1343 1718 deferente
1383 1674 1544 1719 iurare
1585 1674 1649 1720 sit
1687 1675 1907 1733 paratus,
1933 1689 1976 1721 20

234 1745 282 1788 et
320 1744 482 1802 ipsum
530 1743 655 1790 velle
711 1744 767 1790 de
823 1759 969 1792 causa
1023 1760 1111 1791 sua
1166 1748 1482 1806 pronuntiare
1539 1749 1586 1792 et
1642 1762 1790 1806 quam
1843 1746 1908 1807 id,

172 1812 203 1856 4
237 1816 367 1876 quod
406 1816 559 1875 offert,
601 1817 706 1863 leve
748 1833 803 1864 36
842 1819 985 1865 facile
1026 1819 1193 1865 credat
1232 1819 1497 1866 ostendere.
1539 1822 1592 1866 at
1614 1821 1672 1878 is,
1712 1821 1798 1880 qui
1829 1820 1909 1867 de-

231 1890 339 1948 fert,
381 1905 521 1952 agere
553 1891 770 1937 modeste
804 1892 1011 1952 videtur,
1053 1908 1162 1938 611111
1193 1893 1296 1939 litis
1330 1893 1664 1939 adversarium
1696 1893 1909 1940 iudicem

231 1964 385 2009 faciat
431 1967 480 2010 et
521 1980 644 2022 eum,
693 1965 827 2012 6111113
869 1965 1084 2027 cognitio
1125 1969 1213 2025 est,
1261 1981 1403 2013 onere
1443 1967 1630 2026 liberet,
1672 1969 1758 2027 qui
1795 1982 1907 2028 pro-

171 2034 201 2078 5
235 2037 362 2083 fecto
404 2037 564 2083 alieno
619 2039 723 2084 iure
777 2039 984 2085 iurando
1040 2041 1162 2085 stari
1216 2056 1364 2100 quam
1419 2055 1504 2087 suo
1554 2041 1758 2087 mavult.
1811 2056 1906 2101 quo
1932 2057 1975 2090 25

232 2110 481 2156 difficilior
519 2113 760 2158 recusatio
802 2116 889 2170 est,
929 2114 1025 2159 nisi
1063 2114 1187 2159 forte
1226 2129 1301 2160 res
1343 2117 1415 2160 est
1456 2129 1527 2173 ea,
1567 2130 1715 2174 quam
1753 2114 1904 2160 credi-

231 2183 329 2229 bile
371 2185 436 2230 sit
474 2188 641 2230 notam
681 2185 777 2246 ipsi
808 2202 905 2232 non
939 2201 1053 2233 esse.
1097 2202 1219 2246 quae
1254 2189 1500 2234 excusatio
1534 2189 1576 2234 si
1615 2187 1782 2246 deerit,
1814 2187 1906 2236 hoc

231 2273 383 2302 unum
400 2257 717 2317 relinquetur,
735 2262 790 2305 ut
806 2259 1044 2306 invidiam
1071 2260 1164 2306 sibi
1190 2262 1360 2320 quaeri
1382 2260 1442 2307 ab
1468 2260 1748 2307 adversario
1773 2260 1907 2308 dicat

232 2331 378 2390 atque
397 2331 447 2377 id
466 2332 560 2393 agi,
578 2336 631 2378 ut
647 2332 698 2378 in
715 2348 877 2391 631133,
894 2335 946 2378 111
965 2349 1059 2394 qua
1075 2335 1267 2380 vincere
1285 2350 1381 2380 non
1396 2336 1566 2395 possit,
1581 2336 1718 2394 queri
1734 2336 1904 2395 possit.

229 2405 399 2463 itaque
438 2405 685 2451 hominem
726 2407 921 2466 quidem
961 2407 1145 2453 malum
1185 2410 1534 2467 occupaturum
1574 2408 1699 2455 hanc
1739 2408 1903 2454 condi·
1928 2425 1979 2457 30:

231 2479 417 2523 cionem
450 2479 614 2538 fuisse,
654 2495 702 2526 se
737 2483 899 2526 autem
931 2480 1136 2540 probare
1169 2481 1315 2527 malle
1349 2497 1476 2542 quae
1509 2481 1731 2528 adfirmet
1756 2497 1908 2542 quam

175 859 204 902 [θ

349 2621 373 2660 8
406 2617 489 2660 1113
521 2626 621 2661 w:
655 2618 752 2661 ulla
785 2627 828 2661 P
947 2624 998 2661 12
1034 2620 1140 2662 fidei
1172 2634 1241 2663 om
1273 2628 1317 2662 Β
1437 2625 1490 2662 14
1520 2620 1730 2676 patiatur
1753 2628 1798 2662 P
1827 2622 1904 2664 Vt:

230 2675 438 2730 patietur
461 2684 544 2718 {B
570 2680 574 2732 Ι
602 2678 793 2731 fortasse
821 2678 1066 2721 devoturus
1093 2679 1381 2721 adversarius
1414 2694 1459 2722 se
1484 2679 1585 2734 ipse
1678 2684 1730 2722 15
1757 2683 1839 2722 aut
1863 2679 1902 2722 si

229 2742 317 2776 ΒΡ
348 2735 402 2777 Vt
429 2738 433 2788 Ι
463 2749 603 2778 631133
635 2736 993 2779 instrumentum
1025 2746 1167 2780 431⁹:
1202 2752 1301 2781 corr
1342 2739 1398 2781 tt
1424 2744 1430 2790 ί
1458 2738 1603 2780 adicit
1633 2745 1776 2781 AEBP:
1803 2752 1903 2781 corr

239 2794 294 2835 Vt
415 2799 466 2836 17
502 2796 547 2836 et
577 2794 787 2849 iniquam
818 2810 888 2838 om
919 2804 964 2838 Β
1004 2797 1058 2839 It
1147 2801 1201 2839 20
1235 2796 1455 2839 offerente
1478 2804 1524 2839 Β
1562 2797 1619 2840 Vt
1707 2801 1761 2839 23
1788 2797 1902 2839 3110-

231 2852 312 2906 qui
344 2865 478 2908 agere
511 2861 578 2894 Ab
700 2859 754 2896 24
786 2854 951 2897 liberet
984 2863 1027 2897 P
1064 2857 1139 2899 Vt:
1170 2855 1341 2898 liberat
1371 2863 1454 2898 ΑΒ
1572 2860 1625 2897 27
1658 2855 1746 2898 1106
1769 2869 1839 2899 om
1862 2863 1900 2897 Α
