2055 3130
672 53 748 96 IV.
785 59 823 107 1,
860 58 1044 96 72—79.
1080 58 1120 107 2,
1155 58 1281 96 1—3.
1719 55 1822 106 199

137 194 322 255 fallere,
379 194 478 256 qui,
528 196 584 240 ut-
639 193 800 240 ordini
860 208 1022 239 rerum
1086 193 1304 239 animum
1366 193 1607 252 intendat,
1671 195 1821 240 etiam

139 268 516 315 commonendus
558 265 663 314 est?
709 266 891 328 peribit
940 268 1070 312 enim
1115 268 1277 327 prima
1323 282 1438 328 pars
1486 267 1820 329 expositionis,

138 342 180 389 si
218 342 364 389 iudex
395 341 586 389 narrari
616 340 835 387 nondum
868 341 1001 387 sciet.
1042 343 1360 401 quapropter,
1400 343 1455 387 ut
1486 356 1585 387 non
1611 340 1817 401 abrupte

138 416 309 462 cadere
348 417 401 461 in
439 415 796 473 narrationem,
842 415 916 461 ita
962 430 1060 460 non
1108 414 1310 461 obscure
1356 414 1699 462 transcendere
1749 417 1823 461 est

91 505 111 537 5
138 491 391 549 optimum.
434 490 476 536 si
514 503 629 534 vero
670 487 865 549 longior
905 490 1136 548 sequetur
1175 503 1231 535 30
1270 489 1504 549 perplexa
1542 490 1702 550 magis
1743 503 1820 534 ex-

0 710 3 740 1

135 563 331 623 positiO,
372 562 434 608 ad
475 577 584 608 eam
622 562 784 623 ipsam
822 561 1194 622 praeparandus
1226 562 1375 608 iudex
1415 562 1522 620 erit,
1561 564 1618 608 ut
1653 561 1821 610 Cicero

135 637 343 698 saepius,
395 635 478 682 sed
518 636 567 681 013
611 635 705 682 hoc
750 635 857 682 loco
904 635 1043 682 fecit:
1108 632 1276 696 ‘paulo
1316 636 1512 699 longius
1570 635 1823 683 exordium

133 710 203 756 rei
281 709 690 756 demonstrandae
773 711 1017 770 repetam,
1096 710 1249 770 quod,
1335 726 1539 772 quaeso,
1616 709 1822 769 iudices,

132 799 193 829 ne
255 784 460 830 moleste
528 783 814 845 patiamini,
875 783 1133 844 principiis
1198 785 1328 830 enim
1390 784 1602 847 cognitis
1664 784 1820 831 multo

66 873 108 904 10
132 857 327 904 facilius
361 861 580 904 extrema
610 853 944 920 intellegetis'.
978 857 1098 904 haec
1123 857 1223 904 fere
1250 860 1364 905 sunt
1389 859 1513 905 mihi
1538 857 1595 904 de
1623 858 1822 905 exordio

62 1688 104 1719 20

134 934 397 992 comperta.

692 1057 790 1115 [DE
824 1056 1260 1114 NARRATIONE]

240 1152 304 1201 H.
344 1153 555 1200 Maxime
603 1154 830 1200 naturale
879 1156 952 1200 est
992 1155 1040 1200 013
1079 1153 1188 1200 fieri
1225 1153 1621 1214 frequentissime
1662 1154 1821 1214 debet,

129 1229 188 1274 1113
226 1230 523 1289 praeparato
563 1243 652 1288 per
690 1228 825 1287 haec,
867 1243 991 1288 quae
1025 1243 1174 1288 supra
1208 1227 1341 1275 dicta
1374 1232 1504 1288 sunt,
1542 1228 1704 1275 iudice
1728 1244 1821 1287 res,

87 1317 105 1348 5
131 1301 190 1348 de
231 1318 331 1363 qua
368 1303 780 1363 pronuntiaturus
821 1304 920 1362 est,
974 1301 1240 1348 indicetur:
1297 1318 1352 1348 ea
1401 1305 1475 1349 est
1527 1303 1820 1350 narratio.

129 1376 184 1422 in
223 1392 322 1436 qua
362 1377 517 1424 sciens
559 1378 892 1423 transcurram
929 1375 1132 1422 subtiles
1165 1375 1375 1422 nimium
1401 1376 1667 1424 divisiones
1701 1393 1820 1438 quo-

130 1449 353 1510 rundam,
404 1451 550 1510 plura
591 1452 694 1498 eius
743 1466 922 1512 genera
968 1450 1270 1497 facientium.
1327 1466 1425 1497 non
1481 1453 1610 1497 enim
1662 1451 1820 1498 solam

128 1524 306 1571 volunt
346 1539 448 1571 0330
487 1525 628 1570 1113111
666 1524 878 1587 negotii,
919 1524 977 1571 de
1019 1541 1114 1585 quo
1157 1524 1290 1585 apud
1322 1524 1509 1571 iudices
1551 1526 1820 1585 quaeritur,

131 1598 509 1659 expositionem,
571 1598 657 1646 sed
710 1614 970 1660 personae,
1040 1600 1096 1644 ut
1151 1594 1234 1646 ‘M
1295 1598 1486 1646 Lollius
1541 1598 1820 1659 Palicanus,

128 1671 306 1718 humili
352 1673 458 1720 loco
513 1672 710 1732 Picens,
758 1673 941 1733 loquax
987 1674 1146 1734 magis
1187 1688 1340 1733 quam
1377 1669 1661 1721 facundus’:
1709 1674 1820 1733 loci,

128 1748 185 1792 ut
240 1742 496 1807 ‘oppidum
551 1749 624 1794 est
685 1748 737 1793 in
792 1747 1142 1808 Hellesponto,
1193 1746 1537 1809 Lampsacum,
1589 1744 1819 1795 iudices':

127 1823 381 1881 temporis,
420 1824 480 1868 ut

242 1891 372 1942 ‘vere
412 1910 556 1955 novo,
599 1894 788 1942 oelidus
831 1896 966 1942 canis
1008 1910 1121 1942 cum
1160 1895 1411 1943 montibus
1452 1911 1596 1942 umor

597 1936 624 1957 Ο

241 1965 472 2030 liquitur’
482 1987 493 2016 ε

85 2057 103 2089 5
129 2058 413 2103 causarum,
468 2043 645 2104 quibus
696 2044 921 2091 historici
971 2043 1370 2104 frequentissime
1425 2047 1653 2105 utuntur,
1708 2059 1818 2090 cum

129 2120 394 2178 exponunt,
433 2118 562 2164 unde
600 2117 805 2178 bellum,
857 2118 1055 2177 seditio,
1104 2118 1404 2178 pestilentia.
1453 2122 1651 2179 praeter
1696 2118 1818 2166 haec

129 2191 251 2239 alias
291 2191 549 2253 perfectas,
590 2192 713 2239 alias
754 2193 1052 2253 inperfectas
1092 2196 1295 2239 vocant:
1344 2193 1478 2253 quod
1517 2193 1627 2253 quis
1674 2194 1816 2255 igno-

126 2263 240 2312 rat‘?
296 2265 517 2313 adiciunt
557 2267 914 2327 expositionem
954 2269 1002 2313 et
1046 2266 1432 2327 praeteritorum
1479 2282 1582 2314 esse
1629 2271 1817 2329 tempo-

127 2356 254 2399 rum,
296 2356 421 2400 quae
463 2344 536 2387 est
574 2341 991 2401 frequentissima,
1040 2343 1090 2387 et
1135 2341 1484 2401 praesentium,
1533 2341 1694 2402 qualis
1744 2344 1819 2388 est

61 2428 81 2459 3
132 2412 377 2461 Ciceronis
419 2414 477 2460 de
518 2414 746 2461 discursu
785 2417 1056 2462 amicorum
1082 2413 1403 2477 Chrysogoni,
1442 2420 1709 2476 postquam
1743 2419 1818 2462 est

250 2530 272 2567 7
305 2540 350 2581 p.
385 2525 563 2570 Cluent.
598 2530 637 2578 4,
672 2531 725 2568 11
761 2553 816 2558 —
851 2531 903 2569 19
939 2525 1050 2569 Sall.
1075 2525 1193 2569 Hist.
1228 2532 1269 2578 4,
1303 2532 1358 2570 25
1393 2526 1441 2569 cf
1456 2526 1570 2570 Gell.
1604 2526 1659 2568 N.
1694 2527 1746 2569 A.
1778 2532 1817 2579 1,

131 2587 199 2636 15,
234 2589 286 2626 12
320 2611 376 2616 —
410 2590 465 2628 20
500 2584 590 2628 Cic.
617 2585 744 2628 Verr.
781 2591 820 2639 1,
853 2590 923 2638 24,
959 2590 1012 2628 63
1049 2612 1103 2617 —
1136 2590 1190 2628 23
1223 2586 1361 2643 Verg.
1397 2585 1561 2643 Georg.
1598 2592 1636 2638 1,
1671 2590 1726 2629 43
1760 2612 1817 2618 -

131 2646 185 2685 30
216 2658 261 2699 p.
293 2643 427 2688 Rosa
459 2645 562 2687 Am.
596 2649 665 2699 22,
699 2649 754 2688 60

249 2751 274 2789 8
305 2749 465 2802 petam
492 2750 580 2793 Cic.
698 2754 752 2792 15
778 2749 853 2806 ea]
878 2749 994 2792 haec
1018 2757 1055 2790 A
1165 2755 1217 2792 16
1246 2749 1393 2792 3010113
1420 2764 1486 2793 om
1514 2757 1560 2791 Β
1666 2754 1718 2792 19
1752 2749 1814 2791 Μ.

129 2804 305 2848 Lollius
344 2808 561 2864 Piyhius:
599 2823 658 2850 m.
702 2807 839 2851 ollius
871 2817 908 2850 Α
940 2808 1154 2852 macilius
1186 2817 1276 2851 BP
1401 2813 1456 2852 30
1491 2808 1815 2864 Chrysogonus

129 2872 219 2906 BP
239 2866 257 2907 i
281 2879 302 2908 e
325 2866 624 2924 Χρυσογόνου

1848 342 1908 385 ΐ9

1880 1376 1907 1419 Ιῦδ
