2055 3130
705 103 712 112 .
766 72 820 115 V.
857 76 924 126 10,
958 76 1146 115 87—97.
1684 73 1790 124 267

106 213 228 259 liore
267 213 320 258 in
363 211 589 260 Clodium
629 215 678 259 et
719 211 1001 259 Curionem:
1044 207 1120 258 ‘ac
1158 212 1285 270 vide,
1327 227 1388 258 an
1414 212 1556 258 facile
1590 211 1697 258 fieri
1734 215 1791 258 tu

106 287 342 347 potueris,
397 302 506 333 cum
555 288 598 333 is
647 288 807 333 factus
853 301 953 332 non
1006 287 1092 345 sit,
1144 287 1223 331 cui
1261 289 1318 332 tu
1368 281 1685 332 concessisti'.
1737 302 1794 332 ex
1818 286 1882 329 93

105 359 406 406 difficih'ore:
449 357 578 408 ‘vide
618 374 812 421 quaeso,
853 359 1059 418 Tubero,
1100 363 1155 406 ut
1195 361 1282 420 qui
1314 359 1372 406 de
1397 375 1505 405 meo
1531 359 1662 405 facto
1695 375 1794 406 non

107 434 344 493 dubitem,
385 433 442 481 de
488 433 660 496 Ligari
700 433 908 480 audeam
949 429 1141 480 dicere'.
1197 436 1243 479 et
1283 432 1374 479 ibi:
1429 429 1512 479 ‘an
1563 432 1795 493 sperandi

63 524 82 555 5
107 507 307 570 Ligario
390 523 536 555 causa
616 523 713 554 non
794 507 872 566 sit,
959 522 1067 553 cum
1143 507 1266 553 mihi
1337 506 1468 568 apud
1537 509 1585 552 te
1655 507 1793 553 locus

108 581 173 628 sit
223 582 375 628 etiam
424 598 513 642 pro
563 582 716 628 altero
776 575 1126 641 deprecandi?
1183 597 1239 627 ex
1293 582 1481 628 minore
1537 596 1626 641 pro
1677 579 1794 627 Cae-

94 655 240 702 'cinat
283 650 470 702 ‘itaneP
520 657 641 702 scire
682 670 786 702 esse
826 658 1043 702 armatos
1085 658 1161 701 sat
1203 658 1295 714 est,
1350 658 1407 701 ut
1457 654 1559 702 vim
1609 655 1794 701 factam

106 729 298 790 probes,
337 730 390 775 in
428 745 601 776 manus
643 744 813 776 eorum
844 728 1059 775 incidere
1099 744 1198 775 non
1238 732 1310 776 est
1350 724 1524 776 satis‘?'
1568 744 1698 791 ergo,
1738 731 1793 774 ut
1819 727 1884 772 94

105 803 324 850 breviter
363 803 649 850 contraham
692 818 947 862 summam,
990 802 1235 849 ducuntur
1275 805 1565 865 argumenta
1607 818 1634 848 a
1686 818 1793 863 per-

38 893 82 924 1ο
107 879 261 937 sonis,
309 878 490 936 causis,
542 878 677 937 locis,
726 880 963 938 tempore,
1016 878 1151 923 cuius
1203 879 1302 924 tres
1353 879 1519 937 partes
1567 876 1794 935 diximus,

105 951 417 1012 praecedens,
459 951 789 1011 coniunctum,
821 952 1098 1011 insequens,
1138 951 1475 1010 facultatibus,
1509 950 1688 1011 quibus
1721 951 1795 996 in-

105 1027 434 1073 strumentum
475 1025 783 1085 subiecimus,
823 1025 983 1085 modo,
1030 1024 1083 1070 id
1123 1027 1197 1072 est
1235 1028 1293 1071 ut-
1333 1024 1550 1085 quidque
1590 1026 1655 1071 sit
1696 1025 1796 1071 fac-

104 1101 226 1158 tum,
277 1098 515 1158 finitione,
567 1115 756 1161 genere,
809 1100 983 1159 specie,
1037 1098 1390 1159 differentibus,
1441 1098 1670 1160 propriis,
1721 1114 1795 1145 re-

106 1174 337 1232 motione,
379 1173 635 1234 divisione,
676 1174 842 1232 initio,
893 1172 1223 1233 incrementis,
1273 1188 1481 1232 summa,
1537 1172 1796 1231 similibus,

40 1262 82 1293 15
109 1247 452 1307 dissimilibus,
521 1247 871 1310 pugnantibus,
935 1247 1369 1308 consequentibus,
1455 1246 1796 1305 efficientibus,

108 1321 314 1382 effectis,
367 1323 554 1369 eventis
607 1316 856 1385 [iugatis],
919 1323 1301 1382 comparatione,
1355 1337 1480 1382 quae
1531 1321 1584 1367 in
1638 1321 1796 1382 pluris

108 1395 361 1442 diducitur
401 1397 599 1456 species.

219 1470 353 1516 Illud
393 1470 706 1517 adiciendum
743 1470 953 1531 videtur,
994 1470 1105 1516 duci
1145 1472 1436 1533 argumenta
1476 1485 1574 1516 non
1616 1485 1643 1516 a
1684 1483 1796 1516 con·
1823 1469 1887 1512 95

108 1544 250 1591 fessis
306 1547 516 1603 tantum,
573 1544 657 1591 sed
712 1544 862 1592 etiam
919 1561 946 1591 a
996 1544 1207 1604 fictione,
1265 1543 1396 1605 quod
1452 1541 1626 1590 Graeci
1680 1537 1792 1590 καθ’

0 1625 1 1661 l
40 1632 84 1664 ‘20
110 1616 353 1665 ὑπόθεσιν
393 1622 586 1678 vocant,
628 1622 675 1665 et
717 1619 916 1679 quidem
956 1635 1013 1665 ex
1053 1617 1278 1665 omnibus
1319 1618 1476 1665 isdem
1515 1617 1650 1676 locis,
1692 1617 1798 1678 qui-

108 1692 199 1740 bus
255 1694 530 1753 superiora,
582 1693 698 1753 quia
745 1692 954 1740 totidem
1011 1693 1194 1753 species
1251 1708 1355 1739 0550
1401 1695 1607 1753 possunt
1655 1691 1798 1738 fictae

109 1770 229 1827 quot
282 1782 440 1814 verae.
503 1783 618 1814 nam
680 1767 861 1830 fingere
917 1768 1008 1814 hoc
1070 1767 1176 1814 loco
1242 1769 1314 1814 est
1379 1782 1651 1827 proponere
1708 1765 1797 1812 ali-
1824 1767 1888 1809 96

109 1841 242 1902 quid,
301 1841 448 1901 quod,
504 1842 545 1887 si
597 1857 770 1888 verum
824 1843 902 1902 sit,
960 1843 1045 1888 aut
1097 1842 1261 1888 solvat
1316 1842 1656 1901 quaestionem
1711 1843 1800 1886 aut

109 1915 324 1975 adiuvet,
366 1914 540 1962 deinde
578 1914 651 1975 id,
700 1915 756 1962 de
811 1932 906 1977 quo
961 1914 1239 1976 quaeritur,
1286 1915 1445 1961 facere
1499 1914 1577 1960 illi
1625 1914 1798 1962 simile.

41 2001 84 2034 25
109 1989 159 2035 id
200 2005 296 2050 quo
337 1988 533 2037 facilius
574 1990 821 2051 accipiant
859 1991 1058 2037 iuvenes
1099 1989 1318 2036 nondum
1350 1989 1568 2036 scholam
1603 1988 1800 2050 egressi,

108 2064 270 2124 primo
310 2063 637 2110 familiaribus
669 2065 828 2126 magis
861 2066 907 2111 ei
939 2063 1092 2111 aetati
1125 2063 1358 2124 exemplis
1385 2063 1654 2110 ostendam.
1695 2063 1798 2109 lex:
1825 2063 1887 2106 97

113 2134 217 2198 ‘qui
271 2140 501 2198 parentes
556 2153 654 2184 non
702 2139 901 2198 aluerit,
948 2133 1229 2185 vinciatur’.
1278 2153 1376 2184 non
1428 2137 1517 2184 alit
1572 2138 1697 2198 quis,
1751 2139 1801 2183 et

108 2211 308 2258 vincula
348 2212 503 2258 nihilo
544 2212 704 2259 minus
744 2216 950 2260 recusat.
993 2215 1152 2259 utitur
1189 2211 1409 2270 fictione,
1460 2212 1501 2258 si
1547 2212 1708 2271 miles,
1759 2211 1800 2258 si

108 2285 274 2333 infans
315 2287 395 2345 sit,
436 2287 476 2333 si
508 2287 579 2333 rei
619 2286 846 2348 publicae
888 2302 1037 2334 causa
1079 2286 1221 2333 absit.
1272 2288 1320 2332 et
1365 2286 1455 2333 illa
1501 2288 1672 2333 contra
1715 2302 1800 2345 op-

234 2447 254 2483 1
275 2442 601 2498 frg.A.X1117
621 2442 681 2486 Μ.
702 2469 756 2474 -
776 2448 800 2486 3
819 2458 862 2498 p.
881 2443 981 2499 Lig.
1003 2447 1041 2497 3,
1062 2447 1087 2486 8
1114 2469 1168 2475 -
1196 2447 1222 2484 4
1240 2443 1302 2485 ib.
1324 2447 1392 2497 10,
1413 2447 1465 2484 31
1486 2468 1544 2473 -
1563 2446 1586 2484 c
1607 2456 1628 2484 c
1650 2446 1717 2494 16,
1745 2445 1800 2483 45

234 2596 257 2632 2
292 2605 347 2633 ex
380 2591 641 2634 difficiliore
674 2593 792 2650 <pro
825 2591 1049 2650 Ligario>
1083 2592 1302 2635 Kiderlin
1453 2595 1480 2633 4
1513 2590 1665 2633 dicere
1698 2597 1801 2632 AB:

113 2649 325 2693 confiteri
356 2658 401 2692 P
428 2666 482 2694 επ
518 2651 605 2694 Oz‘c.
639 2652 754 2695 codd
786 2653 840 2709 βγ
964 2656 1019 2693 14
1058 2650 1342 2694 incremento
1375 2658 1413 2691 A
1537 2654 1590 2692 16
1624 2649 1801 2705 iugatis

113 2717 174 2752 P:
208 2710 304 2752 incl
339 2710 497 2763 Halm,
529 2724 598 2753 om
630 2718 675 2752 B
704 2710 882 2767 fugatis
914 2719 965 2763 A,
999 2711 1074 2754 sed
1105 2711 1252 2767 siquis
1283 2710 1463 2753 videtur
1494 2713 1701 2752 ‘notatum

116 2773 170 2811 18
205 2782 232 2810 a
264 2782 334 2811 om
365 2776 411 2810 B
546 2774 599 2811 22
633 2772 705 2812 est
736 2778 799 2812 P:
830 2770 881 2812 id
913 2772 984 2813 est
1015 2778 1052 2811 A
1084 2770 1173 2812 hoc
1207 2771 1277 2812 est
1307 2777 1352 2811 B
1488 2773 1541 2811 26
1575 2767 1726 2824 magis
1759 2766 1804 2809 ei

113 2827 263 2870 aetati
295 2828 532 2871 Burman:
562 2829 713 2885 magis
746 2831 794 2872 et
826 2829 973 2872 aetati
1003 2837 1040 2870 A
1072 2828 1316 2885 magisque
1347 2827 1537 2870 usitatis
1569 2835 1658 2869 BP

115 2891 170 2930 28
205 2887 244 2929 si
275 2886 409 2930 miles
442 2887 481 2930 si
513 2887 588 2931 P2:
623 2888 772 2931 simile
798 2888 837 2931 si
868 2889 977 2931 ΒΡ1
1009 2888 1207 2931 similius
1239 2896 1277 2929 A
