2055 3130
264 71 369 122 124
755 69 1128 122 QVINTILLAM
1155 69 1306 114 INST.
1343 70 1435 114 OR.

211 216 234 232 t·

215 230 230 258 ι
372 209 513 256 Hanc
555 211 735 269 autem,
775 225 922 270 quam
962 224 1049 256 nos
1087 210 1348 256 materiam
1384 225 1631 270 vocamus,
1669 209 1722 256 id
1753 213 1826 258 est
1855 226 1933 259 res

263 282 527 342 subiectas,
580 282 782 344 quidam
831 283 974 329 modo
1023 281 1283 342 infinitam,
1333 283 1476 329 modo
1530 299 1624 330 non
1680 285 1934 345 propriam

262 356 527 403 rhetorices
553 371 654 403 esse
679 355 920 414 dixerunt,
954 371 1157 416 eamque
1182 358 1335 402 artem
1370 357 1934 404 circumcurrentem

208 433 236 476 S
262 431 574 489 vocaverunt,
629 428 759 489 quod
797 429 849 474 in
897 429 1030 474 omni
1082 431 1292 476 materia
1347 429 1539 476 diceret.
1594 445 1704 476 cum
1759 430 1934 490 quibus

261 503 383 549 mihi
422 503 625 548 minima
665 517 831 565 pugna
871 504 965 560 est3
1004 517 1119 548 nam
1151 501 1209 548 de
1242 503 1375 548 omni
1404 504 1613 549 materia
1644 502 1801 550 dicere
1825 518 1935 550 eam

263 576 494 634 fatentur,
533 575 783 636 propriam
821 574 998 621 habere
1036 576 1309 635 materiam,
1350 577 1466 635 quia
1496 575 1818 636 multiplicem
1848 576 1932 623 ha-

261 648 390 707 beat,
428 651 626 711 negant.
666 648 749 696 sed
787 664 944 708 neque
976 647 1171 694 infinita
1203 650 1290 708 est,
1331 650 1525 695 etiamsi
1557 651 1631 695 est
1661 649 1936 709 multiplex,

263 724 312 769 et
344 723 470 768 aliae
503 737 696 782 quoque
722 723 851 768 artes
874 722 1087 768 minores
1110 721 1293 768 habent
1316 722 1639 782 multiplicem
1663 722 1935 782 materiam,

262 795 397 842 velut
445 795 820 842 architectonice
873 789 1106 859 (namque
1158 811 1215 842 ea
1264 796 1317 841 in
1364 795 1603 855 omnibus,
1651 811 1775 856 quae
1822 799 1936 842 sunt

207 871 237 914 9
263 868 484 916 aedificio
516 869 678 927 utilia,
717 862 965 932 versatur)
1008 871 1057 914 et
1088 869 1351 928 caelatura,
1394 884 1517 928 quae
1551 884 1684 928 auro,
1717 871 1934 931 argento,

1960 887 2005 919 10

264 957 387 1002 aere,
428 942 556 988 ferro
598 957 745 1002 opera
786 940 948 988 efficit.
989 957 1104 988 nam
1144 941 1393 1002 scalptura
1432 942 1582 989 etiam
1612 942 1763 1004 ligna,
1803 941 1936 1002 ebur,
1952 991 1962 995 v,

262 1031 490 1073 marmor,
529 1017 727 1075 vitrum,
766 1030 984 1077 gemmas
1022 1018 1218 1075 praeter
1250 1031 1306 1062 ea
1332 1030 1456 1075 quae
1496 1031 1644 1076 supra
1676 1014 1778 1061 dixi
1808 1030 1936 1063 com·

177 1092 239 1136 10
262 1088 507 1149 plectitur.
549 1104 704 1149 neque
741 1089 966 1149 protinus
1006 1103 1103 1134 non
1144 1092 1217 1135 est
1254 1088 1465 1135 materia
1493 1089 1772 1148 rhetorices,
1813 1089 1853 1135 si
1884 1090 1937 1136 in

264 1162 433 1209 eadem
457 1165 681 1209 versatur
705 1165 754 1208 et
786 1162 926 1208 alius.
966 1177 1080 1208 nam
1113 1163 1155 1208 si
1187 1177 1434 1222 quaeram,
1476 1177 1600 1222 quae
1632 1163 1698 1208 sit
1728 1163 1939 1209 materia

264 1235 510 1292 statuarii,
549 1235 738 1282 dicetur
779 1251 880 1282 aes:
928 1236 971 1282 si
1011 1250 1257 1295 quaeram,
1305 1250 1429 1295 quae
1468 1236 1533 1282 sit
1579 1235 1838 1295 excusoris,
1885 1235 1938 1281 id

264 1312 336 1356 est
374 1308 589 1355 fabricae
630 1309 748 1367 eius,
796 1323 943 1369 quam
984 1306 1157 1354 Graeci
1203 1307 1518 1370 χαλκευτικήν
1564 1312 1756 1368 vocant,
1804 1309 1937 1356 simi-

179 1386 236 1429 11
263 1383 377 1429 liter
415 1397 496 1429 aes
537 1397 640 1429 esse
686 1381 1033 1441 respondeant:
1083 1382 1221 1442 atqui
1266 1382 1529 1443 plurimum
1579 1383 1756 1429 statuis
1803 1381 1938 1429 diffe-

262 1458 379 1502 runt
419 1469 550 1502 vasa.
590 1469 678 1502 nec
716 1455 959 1501 medicina
998 1455 1107 1502 ideo
1146 1471 1243 1502 non
1283 1457 1375 1502 erit
1415 1471 1509 1515 ars,
1550 1456 1666 1516 quia
1697 1457 1863 1502 unctio
1889 1458 1940 1502 et

266 1528 548 1576 exercitatio
589 1544 698 1576 cum
737 1529 1047 1589 palaestrica,
1097 1528 1316 1575 ciborum
1362 1544 1476 1575 vero
1525 1529 1741 1589 qualitas
1788 1530 1939 1576 etiam

266 1618 376 1649 cum
417 1617 640 1649 cocorum
680 1603 725 1648 ei
764 1604 828 1655 sit
868 1605 972 1648 arte
1013 1603 1295 1649 communis.

181 1679 240 1722 12
380 1675 519 1731 Quod
557 1691 672 1723 vero
713 1675 769 1722 de
808 1676 951 1734 bono,
989 1675 1118 1735 utili,
1156 1677 1285 1722 iusto
1326 1675 1559 1722 disserere
1597 1675 1938 1736 philosophiae

268 1748 482 1796 officium
523 1764 624 1796 esse
664 1748 846 1807 dicunt,
899 1765 994 1796 non
1042 1749 1228 1809 obstat3
1278 1765 1391 1795 nam
1439 1764 1546 1795 cum
1594 1748 1940 1809 philosophum

269 1823 450 1882 dicunt,
490 1822 581 1869 hoc
622 1824 780 1883 accipi
819 1824 990 1869 volunt
1029 1824 1189 1869 virum
1229 1822 1424 1869 bonum.
1466 1838 1616 1883 quare
1647 1823 1801 1885 igitur
1832 1837 1938 1869 ora-

265 1898 437 1955 torem,
489 1912 632 1957 quem
673 1911 700 1942 a
740 1895 867 1943 bono
907 1898 1012 1942 viro
1051 1912 1148 1943 non
1190 1911 1378 1957 separo,
1425 1897 1476 1941 in
1517 1895 1686 1943 eadem
1730 1896 1940 1942 materia

180 1972 241 2015 13
267 1970 454 2017 versari
477 1967 662 2016 mirer?
703 1985 812 2016 cum
842 1971 1132 2030 praesertim
1163 1971 1322 2030 primo
1354 1969 1480 2016 libro
1505 1971 1606 2015 iam
1630 1969 1940 2029 ostenderim,

265 2043 584 2104 philosophos
626 2044 856 2090 omissam
879 2043 1005 2090 hanc
1038 2043 1097 2090 ab
1131 2042 1407 2090 oratoribus
1438 2046 1631 2103 partem
1664 2057 1939 2103 occupasse,

270 2132 393 2177 quae
433 2117 695 2163 rhetorices
736 2118 934 2177 propria
974 2132 1164 2178 semper
1210 2117 1429 2176 fuisset,'
1453 2118 1510 2163 ut
1554 2116 1632 2162 illi
1675 2117 1840 2177 potius
1886 2117 1940 2162 in

266 2194 435 2237 nostra
474 2191 682 2236 materia
721 2194 987 2236 versentur.
1029 2190 1236 2250 denique
1277 2205 1387 2237 cum
1426 2191 1490 2236 sit
1530 2189 1805 2236 dialectices
1836 2205 1939 2236 ma-

265 2265 392 2310 teria
446 2263 503 2310 de
557 2263 700 2310 rebus
755 2263 982 2310 subiectis
1037 2263 1302 2324 disputare,
1352 2264 1417 2311 sit
1467 2265 1629 2309 autem
1685 2262 1939 2310 dialectice

268 2338 426 2384 oratio
466 2336 674 2396 concisa,
714 2352 799 2383 cur
836 2352 932 2383 non
974 2336 1142 2383 eadem
1181 2340 1446 2397 perpetuae
1494 2351 1686 2397 quoque
1731 2337 1940 2383 materia

265 2408 528 2458 videatur?

182 2484 244 2529 14
380 2482 516 2530 Solet
556 2499 585 2530 a
631 2483 924 2544 quibusdam
979 2486 1026 2530 et
1078 2483 1205 2530 illud
1259 2483 1461 2544 opponi:
1517 2483 1734 2529 omm‘um
1786 2482 1940 2543 igitur

267 2558 449 2604 artium
486 2558 672 2618 peritus
713 2558 806 2604 erit
846 2559 1025 2615 orator,
1065 2558 1107 2603 si
1146 2557 1205 2603 de
1237 2555 1459 2603 omnibus
1493 2556 1536 2602 ei
1561 2556 1819 2603 dicendum
1850 2558 1938 2603 est.

384 2806 408 2842 2
442 2801 625 2843 infinita
656 2801 763 2842 A¹B
787 2802 792 2856 Ι
820 2799 1009 2855 propria
1039 2807 1084 2841 Β
1194 2804 1244 2842 11
1281 2798 1517 2855 sculptura
1549 2798 1706 2841 PA²N
1723 2803 1729 2855 1
1756 2798 1938 2854 lignum

264 2867 353 2901 BP
414 2865 465 2902 17
500 2858 718 2903 differant
741 2867 786 2901 Β
857 2862 912 2901 30
943 2857 1164 2900 materiae
1188 2859 1334 2899 ΑΒΡι
1407 2861 1461 2900 32
1494 2857 1685 2915 opponi]
1716 2857 1829 2913 poni
1850 2865 1942 2900 BP

1962 1253 2005 1285 15

2047 1407 2055 1463 1

1963 1620 2007 1652 20
2046 1615 2055 1649 ‘-

2042 1731 2055 1758 5

2040 1766 2055 1863 ἲ

2043 1865 2055 1925 ἱ

1964 1986 2007 2018 25
2047 1964 2055 1981 ²

1963 2353 2007 2385 30
