2007 3120
195 72 266 122 24
693 69 1068 122 QVINTILIANI
1096 70 1244 113 INST.
1280 70 1371 114 ΟΒ.

197 224 391 270 quoque
432 209 622 257 casibus
663 210 824 255 aetate
861 209 1177 256 transierunt.
1216 225 1332 256 nam
1369 213 1427 257 ut
1467 206 1674 258 ‘Valesii
1712 206 1867 258 Fusii'

194 284 245 329 in
287 278 532 329 ‘Valerios
566 277 857 342 Furiosque’
896 286 1147 341 venerunt,
1185 284 1258 329 ita
1291 278 1468 344 ‘arbos,
1507 283 1659 343 labos,
1700 281 1867 344 vapos’

108 355 170 400 14
197 357 347 402 etiam
395 358 444 402 et
491 349 712 402 ‘clamos'
763 370 818 401 ac
866 350 1020 402 ‘lasis'
1068 355 1287 402 fuerunt:
1337 359 1483 416 atque
1529 357 1649 404 haec
1694 359 1802 418 ipsa
1849 372 1871 404 s

197 429 365 476 littera
398 428 457 475 ab
496 428 572 475 his
611 427 892 475 nominibus
933 428 1127 475 exclusa
1165 430 1217 474 in
1258 429 1549 489 quibusdam
1585 431 1697 490 ipsa
1728 431 1873 477 alteri

197 504 450 549 successit:
490 517 606 547 nam
632 497 879 548 ‘mertare'
911 504 1057 562 atque
1084 498 1313 562 ‘pultare'
1341 501 1580 562 dicebant,
1613 503 1730 563 quin
1755 499 1870 550 ‘for-
1919 518 1937 550 5

196 575 340 622 deum
371 571 653 635 faedosque'
688 590 776 634 pro
811 574 1111 634 aspiratione
1143 577 1174 634 f
1196 577 1252 621 ut
1283 576 1434 623 simili
1463 575 1631 622 littera
1657 579 1871 624 utentes:

195 663 310 695 nam
363 651 533 694 contra
574 646 749 694 Graeci
799 648 1048 708 adspirare
1088 650 1118 707 f
1161 649 1332 707 solent,
1382 652 1440 695 ut
1489 664 1577 709 pro
1616 649 1872 696 Fundanio

197 721 362 768 Cicero
402 724 591 780 testem,
632 720 717 781 qui
756 723 968 781 primam
1001 722 1103 767 eius
1136 722 1355 768 litteram
1387 721 1544 769 dicere
1575 737 1672 768 non
1703 723 1873 782 possit,

111 797 170 839 15
197 795 391 841 inridet.
463 794 547 841 sed
595 794 625 840 b
682 809 875 854 quoque
929 796 981 840 in
1035 794 1195 840 locum
1251 795 1462 841 aliarum
1512 795 1734 842 dedimus
1785 796 1874 842 ali-

196 868 405 929 quando,
451 868 579 914 unde
629 863 852 914 ‘Burrus'
894 871 943 914 et
983 863 1206 929 ‘Bruges'
1250 871 1298 914 et
1339 864 1573 915 ‘Belena'.
1643 884 1732 916 nec
1777 885 1874 916 non
1899 884 1941 916 10

197 941 366 988 eadem
419 941 537 988 fecit
592 957 649 987 ex
700 936 880 988 ‘duello
931 937 1150 999 bellum'‚
1205 941 1331 988 unde
1385 937 1624 990 ‘Duelios'
1675 942 1875 1002 quidam

110 1017 170 1060 16
197 1015 353 1061 dicere
411 1010 610 1060 ‘Belios'
671 1016 798 1060 ausi:
855 1013 971 1074 quid
1028 1011 1253 1062 ‘stlocum
1314 1010 1620 1075 stlitesque'?
1684 1016 1802 1076 quid
1854 1019 1877 1062 t

196 1090 391 1135 litterae
439 1103 547 1134 cum
589 1088 618 1133 d
672 1087 914 1148 quaedam
962 1086 1222 1150 cognatio?
1294 1103 1443 1148 quare
1483 1089 1642 1136 minus
1682 1090 1875 1148 mirum,

198 1162 239 1208 si
263 1157 384 1224 (in)
409 1162 614 1208 vetustis
649 1160 875 1222 operibus
907 1161 1042 1207 urbis
1076 1165 1271 1208 nostrae
1305 1165 1353 1208 et
1386 1161 1654 1209 celebribus
1678 1163 1876 1222 templis

200 1237 427 1297 legantur
468 1230 771 1282 ‘Alexanter’
813 1237 862 1281 et
904 1230 1220 1281 tCassantra'.
1286 1235 1404 1295 quid
1443 1251 1469 1281 0
1510 1238 1659 1296 atque
1697 1252 1729 1281 u
1767 1252 1875 1296 per-
1903 1250 1942 1282 15

198 1311 390 1355 mutata
440 1306 684 1354 invicem?
753 1311 810 1354 ut
862 1303 1112 1354 ‘Hecoba'
1172 1312 1219 1355 et
1275 1304 1466 1354 ‘nutrix
1530 1305 1766 1355 Culcidis'
1829 1313 1877 1356 et

200 1377 472 1428 ‘Pulixena’
517 1381 858 1441 scriberentur,
899 1397 954 1428 ac
993 1397 1054 1428 ne
1091 1383 1143 1427 in
1182 1380 1377 1428 Graecis
1417 1382 1467 1427 id
1505 1386 1700 1429 tantum
1741 1386 1874 1429 note-

199 1460 302 1515 tur,
367 1451 637 1502 ‘dederont'
703 1459 750 1502 et
815 1450 1193 1514 ‘probaveront’.
1272 1457 1341 1502 sic
1398 1448 1671 1515 Ὀδυσσεύς,
1734 1472 1877 1516 quem

113 1531 170 1573 17
195 1522 422 1576 Ὀλυσσέα
461 1529 678 1576 fecerant
716 1528 897 1586 Aeolis,
939 1529 998 1574 ad
1040 1523 1271 1574 ‘Ulixem’
1314 1528 1548 1575 deductus
1589 1532 1674 1576 est.
1727 1528 1876 1590 quid?

200 1618 298 1649 non
345 1618 370 1648 e
419 1617 612 1662 quoque
659 1604 679 1648 i
723 1602 830 1648 loco
878 1602 994 1648 fuit:
1053 1597 1318 1648 ‘Menerva'
1367 1604 1417 1648 et
1458 1597 1626 1648 ‘leber’
1668 1604 1716 1649 et
1757 1599 1944 1648 ‘ma-20

201 1671 378 1737 gester’
423 1679 470 1722 et-
505 1671 707 1722 ‘Deiove
740 1671 974 1733 Victore',
1014 1690 1111 1721 non
1145 1670 1312 1722 eDiovi
1344 1671 1587 1722 Victori'?
1635 1675 1719 1722 sed
1756 1677 1879 1722 mihi

201 1750 362 1796 locum
410 1749 604 1812 signare
652 1749 772 1795 satis
821 1753 914 1795 est:
976 1764 1072 1795 non
1122 1749 1251 1795 enim
1298 1748 1458 1809 doceO,
1510 1749 1594 1795 sed
1640 1749 1877 1796 admoneo

202 1823 442 1869 docturos.
513 1822 625 1868 inde
674 1823 727 1868 in
778 1822 991 1883 syllabas
1044 1837 1161 1868 cura
1210 1821 1455 1881 transibit,
1507 1822 1565 1869 de
1612 1822 1786 1883 quibus
1826 1824 1879 1869 in

201 1895 554 1958 orthographia
591 1911 750 1956 pauca
791 1895 1047 1942 adnotabo.

314 1969 437 2015 Tum
491 1968 693 2027 videbit,
751 1969 812 2015 ad
867 1983 1010 2028 quem
1060 1969 1151 2015 hoc
1201 1968 1426 2028 pertinet,
1483 1972 1603 2029 quot
1653 1971 1700 2015 et
1752 1985 1877 2029 quae
1903 1984 1944 2015 25

201 2046 366 2103 partes
417 2043 668 2101 orationis,
721 2057 1018 2102 quamquam
1070 2042 1127 2088 de
1174 2057 1373 2088 numero
1422 2057 1598 2102 parum
1639 2044 1876 2089 convenit.

117 2125 175 2168 18
203 2119 389 2163 veteres
442 2115 584 2174 enim,
641 2132 848 2175 quorum
899 2116 1096 2162 fuerunt
1146 2116 1437 2162 Aristoteles
1489 2131 1680 2176 quoque
1731 2117 1879 2176 atque

205 2189 517 2248 Theodectes,
566 2190 747 2236 verba
792 2189 937 2235 modo
980 2192 1028 2235 et
1065 2190 1300 2235 nomina
1342 2192 1389 2235 et
1429 2188 1879 2237 convinctiones

323 2333 347 2371 8
388 2328 473 2385 frg.
510 2343 570 2371 or.
606 2330 663 2372 A.
679 2329 733 2382 V,
768 2334 789 2370 7
828 2329 897 2372 ΠΙ.
1022 2333 1074 2370 27
1117 2343 1170 2383 sq
1203 2327 1249 2371 cf
1278 2327 1413 2370 Dion.
1447 2327 1550 2370 Hal.
1594 2328 1650 2370 de
1687 2342 1831 2384 comp.
1853 2333 1877 2370 2

324 2452 348 2488 3
383 2460 436 2489 ac
466 2446 598 2502 lasis]
632 2447 800 2489 aetatis
833 2454 868 2487 Α
903 2446 1041 2488 etatis
1067 2453 1110 2488 P
1139 2459 1193 2488 ac
1223 2445 1343 2488 lases
1376 2459 1426 2488 as
1450 2453 1494 2487 B
1519 2448 1524 2499 Ι
1551 2445 1655 2500 ipsa
1686 2459 1755 2488 om
1781 2453 1824 2487 P

206 2511 230 2547 6
270 2505 522 2560 faedosque
568 2507 727 2548 Halm:
771 2505 1026 2559 faedusque
1059 2512 1103 2546 P
1148 2504 1394 2558 ftedosque
1424 2513 1461 2545 Α
1507 2504 1762 2558 foedusque
1792 2504 1875 2562 ΒΙ

205 2564 227 2604 f
261 2566 314 2606 ut
349 2565 520 2609 Christ:
567 2564 693 2607 velut
724 2572 807 2606 ΛΡ
846 2563 918 2606 vel
951 2571 993 2605 B
1172 2568 1193 2605 7
1239 2564 1262 2604 f
1297 2564 1534 2606 Kiderlin:
1581 2580 1614 2617 φ
1656 2564 1762 2606 libri

208 2628 257 2664 11
295 2622 484 2666 Duelios
511 2658 518 2665 .
540 2658 548 2665 .
571 2658 578 2665 .
604 2623 758 2666 Belios
791 2624 847 2666 A.
876 2623 1004 2666 Mai:
1038 2622 1243 2665 duellos.
1266 2621 1468 2664 ..bellos
1592 2626 1644 2664 12
1681 2621 1879 2663 stlocum

205 2681 312 2723 ΒΡ2
343 2681 559 2724 stilocum
589 2682 692 2723 ΑΡ1
753 2681 924 2724 stlocus
956 2681 1182 2737 Spalding]
1326 2685 1379 2723 14
1417 2680 1467 2722 in
1498 2695 1568 2724 om
1598 2687 1740 2723 ABP:
1785 2681 1879 2723 add

206 2740 260 2782 cd
288 2741 447 2797 Gryph
539 2745 590 2783 16
627 2739 828 2782 Culcidis
856 2740 924 2782 M.
944 2740 1154 2796 Seyffert:
1187 2738 1397 2782 Culcides
1423 2740 1529 2783 libri
1620 2741 1674 2781 20
1706 2741 1759 2781 ut
1783 2738 1879 2780 Me-

207 2811 345 2841 nerva
378 2806 421 2840 Ρ
460 2799 505 2851 cf
536 2803 576 2851 4,
595 2803 662 2841 25.
698 2803 795 2851 5‚2.
831 2803 870 2851 ὅ,
891 2803 958 2842 28.
992 2798 1033 2841 V
1059 2802 1127 2851 10,
1154 2803 1207 2841 12
1240 2802 1304 2841 etc
1449 2797 1718 2864 21001ἰονο
1752 2805 1803 2839 ,ll
1832 2796 1880 2839 di
2003 2750 2007 2904 l

206 2858 307 2899 iove
339 2858 401 2899 Ρι
432 2857 497 2899 dii
530 2857 628 2900 iove
662 2857 769 2899 P²B
882 2861 935 2900 28
969 2857 1309 2900 convinctiones
1336 2865 1394 2899 P:
1429 2858 1775 2899 coniunctmnes
1798 2862 1883 2897 AB
2003 2907 2007 3120 1
