2007 3120
195 65 226 115 8
697 63 1074 117 QVINTILIANI
1104 63 1255 108 JJNST.
1288 64 1381 109 ΟΒ.

192 218 315 263 pora
355 205 404 250 et
441 204 676 250 monstris
712 204 944 266 insignia,
984 204 1067 250 sed
1105 205 1158 251 hi
1188 205 1335 265 pauci
1368 204 1630 252 admodum
1660 205 1873 251 fuerunt.

194 278 555 338 argumentum,
597 275 727 336 quod
757 277 811 322 in
839 278 1005 337 pueris
1037 277 1195 324 elucet
1225 291 1334 338 spes
1364 278 1708 338 plurimorum:
1749 293 1875 338 quae

193 363 304 395 cum
351 349 588 396 emoritur
636 351 810 409 aetate,
857 351 1174 397 manifestum
1221 353 1295 398 est
1340 366 1437 397 non
1476 353 1705 398 naturam
1744 351 1873 398 defo-

195 422 333 480 cisse,
381 422 465 468 sed
512 437 692 469 curam.
772 418 1011 483 ‘praestat
1055 427 1221 469 tamen
1268 425 1465 485 ingenio
1513 423 1638 471 alius
1686 419 1873 470 alium.'

135 493 165 537 3
198 495 423 553 concedo,
463 495 547 542 sed
585 495 695 556 plus
736 495 915 542 efficiet
954 498 1042 543 aut
1077 497 1260 544 minus:
1310 512 1452 543 nemo
1491 498 1749 558 reperitur,
1790 498 1875 557 qui
1921 514 1940 545 5
2005 523 2007 561 4

192 567 258 614 sit
304 568 465 615 studio
512 568 637 614 nihil
684 571 985 616 consecutus.
1063 569 1154 616 hoc
1194 570 1280 629 qui
1316 570 1598 630 perviderit,
1645 571 1874 630 protinus
2006 566 2007 570 ’

191 643 248 686 ut
286 642 381 687 erit
418 656 596 701 parens
635 643 810 700 factus,
858 656 1033 701 acrem,
1074 658 1223 702 quam
1260 644 1471 689 maxime
1510 643 1670 702 datur,
1709 658 1874 690 curam

193 715 299 774 spei
337 714 493 760 futuri
532 716 741 762 oratoris
780 714 1047 775 impendat.

305 786 435 833 Ante
476 789 640 835 omnia
680 803 739 834 ne
780 790 846 835 sit
883 789 1091 835 vitiosus
1133 804 1289 835 sermo
1321 788 1616 836 nutricibus:
1656 805 1793 850 quas,
1834 791 1875 836 si
1966 797 1969 799 ’

131 860 160 903 4
193 859 299 906 fieri
343 863 522 920 posset,
574 861 819 922 sapientes
860 860 1162 922 Chrysippus
1209 863 1416 922 optavit,
1467 865 1594 910 certe
1636 865 1874 923 quantum
1899 879 1941 910 10

190 948 266 980 res
305 935 574 994 pateretur,
617 936 830 996 optimas
870 935 988 998 eligi
1026 935 1195 982 voluit.
1270 938 1318 982 et
1355 951 1546 982 morum
1587 936 1784 996 quidem
1822 937 1875 983 in

192 1006 267 1053 his
299 1006 431 1053 haud
463 1007 607 1054 dubie
639 1010 776 1068 prior
799 1010 927 1055 ratio
953 1010 1041 1067 est,
1073 1012 1204 1056 recte
1229 1012 1394 1055 tamen
1420 1011 1570 1056 etiam
1594 1009 1872 1069 loquantur.

133 1082 160 1124 5
194 1080 281 1127 has
321 1081 535 1140 primum
575 1081 743 1128 audiet
780 1097 915 1142 puer,
962 1083 1136 1129 harum
1177 1082 1325 1130 verba
1365 1082 1593 1144 effingere
1631 1083 1873 1130 imitando

192 1153 463 1200 conabitur.
505 1157 554 1201 et
591 1157 772 1202 natura
809 1157 1113 1203 tenacissimi
1151 1170 1317 1202 sumus
1356 1172 1538 1215 eorum,
1579 1171 1704 1216 quae
1742 1156 1874 1202 rudi-

188 1226 279 1274 bus
320 1227 496 1274 animis
536 1230 864 1289 percepimus:
904 1232 960 1275 ut
996 1244 1141 1290 sapor
1174 1245 1269 1289 quo
1301 1245 1428 1276 nova
1459 1229 1651 1276 imbuas
1684 1226 1873 1291 (vasa)
1898 1246 1939 1278 15

190 1300 349 1359 durat,
404 1316 493 1347 nec
547 1302 774 1348 lanarum
829 1302 1028 1361 colores,
1084 1303 1260 1363 quibus
1307 1303 1512 1363 simplex
1558 1303 1643 1349 ille
1692 1303 1874 1350 candor

189 1377 409 1420 mutatus
450 1377 536 1433 est,
578 1375 675 1421 elui
712 1378 931 1436 possunt.
973 1380 1021 1422 et
1058 1376 1179 1423 haec
1218 1377 1326 1437 ipsa
1364 1378 1522 1438 magis
1553 1377 1874 1436 pertinaciter

188 1447 394 1494 haerent
435 1463 558 1508 quae
598 1449 843 1496 deteriora
875 1451 1002 1496 sunt.
1052 1465 1166 1496 nam
1197 1449 1327 1496 bona
1358 1449 1502 1496 facile
1534 1451 1791 1496 mutantur
1820 1451 1872 1496 in

189 1522 350 1580 peius:
393 1521 588 1582 quando
620 1523 672 1568 in
702 1522 886 1569 bonum
910 1522 1115 1569 verteris
1140 1521 1298 1570 vitia?
1337 1538 1435 1569 non
1461 1522 1717 1570 adsuescat
1742 1538 1872 1586 ergo,

189 1610 249 1641 ne
288 1593 403 1640 dum
451 1595 615 1643 infans
663 1596 859 1656 quidem
907 1599 992 1655 est,
1042 1598 1255 1643 sermoni
1303 1598 1387 1656 qui
1435 1595 1752 1643 dediscendus
1792 1598 1871 1643 sit.
1898 1614 1939 1644 20

130 1670 158 1712 6
300 1667 359 1714 In
409 1668 694 1728 parentibus
745 1685 859 1716 vero
911 1686 1058 1730 quam
1108 1671 1377 1730 plurimum
1428 1685 1531 1717 esse
1583 1669 1871 1716 eruditionis

189 1743 475 1801 optaverim.
546 1757 634 1789 nec
681 1742 739 1788 de
785 1743 1010 1804 patribus
1058 1746 1253 1789 tantum
1300 1743 1498 1803 loquor:
1560 1758 1675 1790 nam
1725 1741 1872 1790 Grac-

189 1814 393 1861 chorum
427 1815 738 1875 eloquentiae
762 1817 974 1863 multum
1000 1817 1266 1864 contulisse
1293 1818 1566 1877 accepimus
1593 1815 1871 1863 Corneliam

188 1890 411 1946 matrem,
460 1889 600 1935 cuius
648 1889 958 1937 doctissimus
1006 1904 1163 1937 sermo
1210 1892 1262 1936 in
1300 1892 1521 1950 posteros
1562 1905 1758 1950 quoque
1798 1893 1873 1937 est

190 1961 417 2022 epistulis
457 1961 684 2009 traditus.
727 1967 777 2010 et
807 1963 977 2009 Laelia
1013 1962 1060 2010 C.
1101 1963 1204 2009 filia
1243 1963 1512 2010 reddidisse
1543 1965 1595 2009 in
1626 1963 1870 2024 loquendo
1896 1980 1937 2011 25

188 2037 448 2095 paternam
489 2035 788 2097 elegantiam
821 2037 1015 2095 dicitur,
1056 2040 1104 2083 et
1135 2036 1427 2084 Hortensiae
1462 2035 1514 2092 Q.
1547 2036 1678 2084 filiae
1711 2039 1869 2084 oratio

189 2108 318 2168 apud
378 2109 662 2157 triumviros
724 2110 894 2156 habita
956 2111 1139 2172 legitur
1200 2125 1297 2158 non
1357 2113 1554 2157 tantum
1615 2111 1668 2156 in
1730 2126 1870 2157 sexus

133 2186 154 2227 ἲ
190 2181 436 2227 honorem.
490 2197 576 2228 nec
614 2186 779 2230 tamen
817 2185 868 2243 ii,
910 2183 1085 2244 quibus
1127 2183 1310 2231 discere
1348 2186 1468 2245 ipsis
1508 2199 1606 2231 non
1646 2183 1870 2246 contigit⁷

187 2256 428 2301 minorem
469 2269 636 2302 curam
676 2256 881 2304 docendi
918 2257 1098 2304 liberos
1137 2256 1366 2318 habeant,
1407 2257 1490 2305 sed
1531 2258 1630 2303 sint
1667 2259 1871 2318 propter

186 2328 277 2374 hoc
315 2329 478 2389 ipsum
518 2328 581 2374 ad
620 2333 780 2377 cetera
818 2332 976 2393 mag-is
1017 2331 1291 2392 dfflgentes.
1893 2347 1935 2378 30

298 2401 372 2448 De
411 2404 590 2462 pueris,
637 2405 767 2450 inter
815 2420 934 2464 quos
975 2404 1265 2451 educabitur
1302 2404 1385 2451 ille
1425 2404 1538 2450 huic
1578 2403 1682 2464 spei
1721 2403 1867 2450 desti-

131 2481 157 2523 8
192 2477 352 2533 natus,
392 2475 522 2522 idem
563 2477 692 2536 quod
731 2477 789 2523 de
828 2478 1100 2525 nutricibus
1142 2478 1329 2524 dictum
1361 2479 1438 2525 sit.
1480 2476 1537 2523 de
1569 2476 1868 2539 paedagogis

186 2548 278 2595 hoc
335 2549 561 2609 amplius,
615 2554 674 2596 ut
729 2553 814 2597 aut
865 2553 963 2598 sint
1015 2551 1194 2598 eruditi
1243 2551 1405 2612 plane,
1460 2566 1608 2611 quam
1657 2550 1868 2611 primam

310 2656 363 2694 10
394 2651 481 2708 frg.
511 2657 593 2694 734
625 2653 787 2696 Arnim

309 2752 362 2789 15
381 2759 491 2790 vasa
507 2748 602 2791 add
618 2749 788 2792 Becher
859 2754 912 2792 18
932 2762 1049 2804 quae
1068 2749 1250 2791 T²MPS
1259 2756 1305 2792 V:
1333 2762 1423 2804 quo
1443 2749 1524 2792 rell
1607 2751 1661 2791 19
1679 2749 1866 2802 quando

188 2814 223 2846 A
250 2807 333 2860 def
350 2806 588 2849 Kiderlin:
619 2821 729 2848 num
755 2808 940 2862 quando
966 2815 997 2849 S
1021 2821 1128 2850 nam
1154 2808 1339 2863 quando
1364 2814 1491 2858 Bam
1534 2820 1656 2849 nunc
1680 2807 1866 2862 quando

189 2879 244 2908 ea:
276 2878 532 2919 numquam
566 2873 610 2907 P
667 2879 867 2921 namque
901 2867 1086 2921 quando
1126 2875 1160 2907 V
1275 2871 1328 2908 33
1361 2866 1522 2922 plane]
1553 2864 1691 2920 plene
1721 2865 1782 2906 ΑΙ
