2055 3130
654 70 710 116 V.
746 75 813 124 13,
849 74 1035 114 58—60.
1073 74 1140 123 14,
1177 75 1305 114 1—6.
1717 71 1825 122 299

135 210 343 258 Milone:
385 206 509 258 ‘eius
548 211 706 272 igitur
743 212 917 257 mortis
956 209 1134 256 sedetis
1167 210 1369 268 ultores,
1410 209 1546 256 cuius
1586 211 1744 256 vitam
1783 212 1827 257 si

134 286 322 346 putetis
361 301 449 345 per
486 299 573 332 vos
605 285 803 331 restitui
834 298 990 344 posse,
1029 278 1232 330 nolitis’.
1275 281 1407 343 quod
1440 283 1637 343 quidem
1670 284 1821 329 etiam
1853 290 1884 333 3

138 358 405 419 aliquando
460 358 784 418 multiplicari
846 357 991 415 solet,
1054 359 1110 402 ut
1165 359 1237 403 est
1292 356 1351 402 ab
1408 356 1577 402 eodem
1633 358 1682 403 et
1734 372 1823 416 pro

137 432 307 479 eodem
337 447 419 479 reo
452 433 660 479 factum:
703 427 863 490 ‘quem
897 432 1053 493 igitur
1093 445 1201 477 cum
1236 430 1405 491 aliqua
1444 431 1607 491 gratia
1647 430 1825 489 noluit,

91 523 110 553 5
137 506 265 553 hunc
315 506 475 552 voluit
530 522 640 552 cum
690 504 973 564 aliquorum
1013 502 1266 564 querella?
1319 520 1463 564 quem
1502 505 1631 563 iure,
1680 520 1826 565 quem

67 892 110 922 10

66 1260 109 1292 15

136 579 259 638 loco,
300 595 445 640 quem
483 581 720 639 tempore,
760 575 941 640 <quem
979 574 1218 639 impune>
1256 593 1355 625 non
1396 580 1469 625 est
1494 593 1653 637 ausus,
1695 579 1825 626 hunc

135 655 335 713 iniuria,
375 654 545 712 iniquo
586 653 707 711 loco,
751 652 910 699 alieno
950 655 1187 713 tempore⁷
1235 667 1347 698 cum
1386 651 1603 713 periculo
1646 652 1823 712 capitis

135 742 229 774 non
275 726 523 774 dubitavit
557 722 830 773 occidere'?
866 728 1108 786 optimum
1140 728 1306 772 aute-m
1338 725 1534 772 videtur
1568 727 1820 786 enthyme-
1854 731 1884 775 4

135 802 284 848 matis
325 815 492 863 genus,
540 815 651 847 cum
689 801 944 861 proposito
987 800 1217 846 dissimili
1264 800 1344 846 vel
1400 800 1647 847 contrario
1694 801 1824 846 ratio

137 875 465 936 subiungitur,
517 874 661 934 quale
702 876 775 921 est
814 873 1182 922 Demosthenis:
1248 870 1364 920 ‘non
1414 873 1565 932 enim,
1615 875 1658 921 31
1705 874 1825 935 quid

134 964 371 1008 umquam
411 950 581 995 contra
621 948 752 1009 leges
795 952 960 994 actum
1000 950 1074 994 est
1111 948 1261 1008 idque
1301 950 1357 994 tu
1397 949 1712 1007 3311111131113,
1751 948 1823 994 id-

136 1023 263 1069 circo
303 1025 351 1069 te
393 1023 621 1068 convenit
660 1038 818 1082 poena
857 1022 1072 1081 liberari,
1115 1024 1233 1082 quin
1267 1037 1291 1068 3
1325 1023 1571 1068 0011113110
1598 1021 1826 1068 damnari

133 1096 291 1143 multo
331 1097 504 1157 magis.
545 1112 662 1142 nam
699 1098 769 1153 ut,
826 1097 869 1142 si
909 1096 1018 1156 quis
1061 1112 1229 1143 eorum
1268 1095 1529 1142 damnatus
1572 1099 1717 1155 esset⁷
1765 1098 1825 1142 tu

133 1170 254 1217 haec
286 1185 384 1217 non
417 1171 709 1230 scripsisses,
748 1171 836 1229 ita⁷
877 1168 1139 1217 damnatus
1173 1174 1229 1216 tu
1254 1169 1296 1216 si
1320 1170 1488 1228 fueris,
1521 1186 1616 1216 non
1645 1169 1825 1216 scribet

137 1239 298 1291 alius'.

246 1318 638 1379 Epichirematos
691 1321 739 1364 et
786 1320 1025 1379 quattuor
1073 1322 1119 1365 et
1179 1318 1396 1378 quinque
1445 1320 1494 1364 et
1541 1334 1623 1365 sex
1670 1320 1821 1365 etiam
1854 1325 1886 1371 5

133 1391 294 1439 factae
335 1395 449 1439 sunt
488 1395 654 1453 partes
697 1409 723 1438 3
766 1392 1072 1453 quibusdam.
1129 1391 1293 1438 Cicero
1345 1393 1556 1438 maxime
1605 1392 1821 1453 quinque

135 1465 368 1525 defendit,
401 1469 457 1513 ut
481 1468 547 1514 sit
570 1467 859 1528 propositio,
902 1465 1075 1513 deinde
1099 1468 1229 1513 ratio
1257 1468 1375 1526 31113,
1408 1468 1517 1512 111111
1543 1466 1823 1527 adsumptio

133 1543 183 1587 et
230 1542 332 1588 31113
372 1540 616 1601 probatio,
651 1540 824 1601 quinta
858 1541 1135 1601 conplexio:
1177 1540 1293 1601 quia
1325 1536 1512 1602 (vero)
1543 1541 1743 1587 interim
1776 1544 1825 1587 et

65 1632 85 1662 2
132 1616 407 1676 propositio
455 1631 553 1662 non
606 1617 749 1677 egeat
798 1616 1008 1662 rationis
1064 1617 1113 1661 et
1169 1615 1449 1675 adsumptio
1500 1614 1822 1676 probationis⁷

133 1704 506 1750 nonnumquam
546 1691 697 1736 etiam
738 1689 1074 1750 complexione
1115 1704 1239 1749 opus
1278 1705 1378 1735 non
1417 1689 1496 1748 sit,
1537 1692 1585 1735 et
1625 1688 1823 1749 quadri-

133 1764 371 1822 pertitam
411 1767 460 1810 et
505 1764 811 1824 tripertitam
859 1766 908 1810 et
946 1763 1236 1823 bipertitam
1285 1778 1479 1823 quoque
1527 1762 1635 1808 fieri
1680 1778 1823 1823 posse

131 1836 576 1884 ratiocinationem.
625 1838 749 1883 mihi
798 1839 846 1883 et
892 1837 1117 1898 pluribus
1164 1837 1486 1883 nihilominus
1536 1838 1819 1885 auctoribus
1852 1844 1884 1888 6

132 1913 233 1957 tres
274 1926 521 1958 summum
560 1911 804 1958 videntur.
846 1928 963 1958 nam
1001 1913 1074 1958 ita
1114 1927 1163 1958 se
1203 1911 1353 1958 habet
1391 1912 1499 1972 ipsa
1532 1914 1726 1970 natura,
1766 1914 1824 1958 ut

65 2001 108 2033 25
134 1985 200 2031 sit
240 1985 297 2032 de
338 2001 434 2046 quo
477 1988 744 2046 quaeratur
784 1988 832 2032 et
870 2001 959 2046 per
991 1985 1123 2046 quod
1154 1985 1413 2046 probetur:
1454 1987 1660 2032 tertium
1694 1984 1825 2032 adici

133 2061 299 2119 potest
336 2060 474 2106 velut
515 2075 570 2106 ex
611 2075 852 2107 consensu
892 2059 1101 2106 duorum
1144 2060 1552 2107 antecedentium.
1608 2061 1681 2106 ita
1729 2061 1825 2106 erit

132 2134 296 2193 prima
345 2134 572 2193 intentio,
620 2134 833 2181 secunda
880 2134 1176 2194 adsumptio,
1230 2134 1381 2180 tertia
1437 2134 1652 2181 conexio.
1709 2149 1826 2181 nam

133 2206 442 2254 confirmatio
467 2209 656 2268 primae
682 2222 738 2255 ac
763 2207 1002 2255 secundae
1027 2208 1185 2269 partis
1210 2204 1328 2270 <31>
1354 2209 1608 2255 exornatio
1643 2208 1827 2255 eisdem

254 2399 281 2436 4
313 2393 375 2436 ib.
412 2399 480 2447 16,
514 2398 567 2436 41
604 2421 658 2425 -
707 2399 759 2436 10
792 2395 840 2436 111
873 2394 1068 2440 Androt.
1104 2399 1128 2436 7
1174 2420 1228 2426 —
1277 2398 1328 2436 17
1364 2393 1431 2436 Dc
1463 2394 1556 2439 inv,
1591 2399 1629 2447 1,
1664 2398 1734 2448 37,
1769 2398 1823 2436 67

256 2593 281 2628 3
315 2589 361 2629 et
393 2600 475 2642 pro
510 2586 671 2629 eodem
704 2586 786 2629 P2:
822 2600 892 2630 om
923 2587 1071 2628 ABPl
1156 2592 1182 2628 4
1215 2586 1395 2644 aliqua]
1430 2586 1635 2629 omnium
1671 2586 1827 2630 Cicero

257 2649 281 2686 6
316 2659 454 2699 quem
485 2645 673 2701 impune
707 2647 800 2690 add
833 2647 886 2689 ed
921 2646 1082 2703 Gryph
1191 2652 1242 2688 11
1277 2646 1455 2689 factum
1490 2654 1532 2687 P
1622 2650 1674 2687 12
1710 2646 1824 2701 quin

135 2704 331 2760 Reyius:
363 2705 487 2758 quod
619 2709 670 2747 19
704 2719 810 2747 vero
844 2706 937 2748 add
970 2707 1142 2762 Reyz'us
1275 2711 1328 2748 21
1372 2705 1692 2760 complexione
1735 2706 1825 2748 Re-

132 2764 261 2820 9z'us:
305 2764 548 2819 cumplane
580 2772 670 2806 BP
699 2764 956 2820 complexio
989 2782 1021 2806 a
1175 2770 1230 2806 24
1271 2765 1521 2821 summum]
1565 2763 1741 2806 sommo
1783 2772 1829 2805 Ρ

135 2823 172 2877 <i
202 2836 224 2865 e
255 2821 561 2879 solummodo)
745 2828 799 2865 26
835 2839 889 2866 ex
920 2838 993 2867 om
1025 2832 1068 2865 P
1096 2825 1228 2867 habet
1256 2832 1302 2866 Β
1325 2829 1432 2878 post
1469 2824 1667 2866 duorum

135 2885 192 2924 28
225 2883 273 2924 31
305 2882 399 2925 add
433 2882 771 2937 Capperfflmier
798 2884 803 2938 Ι
833 2883 1007 2926 eisdem
1038 2891 1099 2926 P:
1149 2883 1300 2926 eidem
1334 2891 1380 2924 Β
1416 2884 1488 2925 331
1519 2885 1565 2925 31
1603 2881 1751 2924 isdem
1785 2889 1825 2922 A
