2012 3151
185 63 295 113 344
680 62 1051 115 QVINTILIANI
1080 64 1230 108 INST.
1266 64 1358 108 ΟΒ.

186 201 369 249 dicenti
410 201 574 248 Suelio
617 198 676 249 ‘si
714 202 806 250 hoc
844 204 916 249 ita
957 207 1042 262 est,
1083 204 1123 251 is
1162 205 1214 250 in
1255 201 1489 264 exilium',
1541 201 1604 252 ‘si
1641 219 1737 251 non
1778 208 1854 252 est

97 278 159 322 79
183 276 271 335 ita,
311 271 457 322 redis'
498 275 673 336 inquit.
716 276 862 322 elusit
888 275 1082 324 Cassius
1124 277 1328 324 Severus
1355 277 1594 324 obiciente
1626 278 1853 339 quodam,

187 348 315 409 quod
357 349 400 394 ei
448 348 590 395 domo
646 363 733 395 sua
783 349 1067 396 Proculeius
1117 350 1464 408 interdixisset,
1516 351 1851 412 respondendo

190 418 445 482 ‘numquid
501 437 614 484 ergo
665 421 781 468 illuc
834 419 1059 469 accedo‘P'
1114 423 1196 470 sed
1233 423 1457 470 eluditur
1503 427 1551 470 et
1594 424 1853 471 ridiculum

186 494 393 541 ridiculo
435 488 514 559 (ut
545 495 685 542 divus
717 495 986 557 Augustus,
1026 512 1136 542 cum
1167 496 1211 543 ei
1243 496 1375 543 Galli
1397 500 1622 558 torquem
1655 513 1855 544 aureum

187 570 382 614 centum
422 567 582 628 pondo
624 567 882 627 dedissent,
923 573 971 616 et
1002 569 1261 616 Dolabella
1284 586 1372 632 per
1394 570 1569 626 iocum,
1606 573 1854 632 temptans

186 644 350 688 tamen
388 642 487 688 ioci
525 641 601 688 sui
641 644 885 702 eventum,
933 643 1147 701 dixisset,
1201 639 1501 704 ‘imperaton
1554 647 1729 705 torque
1778 660 1855 690 me

97 716 162 761 80
187 710 348 761 dona-'t
383 709 570 774 ‘malo',
593 715 769 775 inquit,
798 712 863 761 ‘te
889 717 1043 763 civica
1068 711 1306 782 donare'>,
1331 716 1638 764 mendacium
1663 732 1855 778 quoque

185 786 453 847 mendacio,
492 791 547 834 ut
588 786 782 847 Gabba,
830 788 1019 836 dicente
1069 790 1301 850 quodam,
1349 791 1610 838 victoriato
1662 805 1712 838 se
1758 806 1855 837 uno

186 862 235 906 in
278 860 447 907 Sicilia
487 862 702 922 quinque
740 862 886 922 pedes
926 863 1123 925 longam
1156 879 1410 910 murenam
1444 866 1637 911 emisse:
1679 859 1855 922 ‘nihil',

184 935 361 994 inquit,
419 931 635 993 ‘mirumg
691 951 805 982 nam
852 936 923 982 ibi
976 941 1080 983 tam
1126 938 1301 1000 longae
1352 941 1637 997 nascuntur,
1690 939 1748 983 ut
1796 937 1857 984 iis

100 1010 159 1053 81
186 1008 454 1068 piscatores
494 1024 582 1068 pro
630 1009 840 1056 restibus
888 1006 1182 1072 cingantur-³.
1233 1010 1480 1058 contraria
1534 1013 1608 1058 est
1656 1012 1860 1072 neganti

188 1081 503 1128 confessionis
545 1083 809 1139 simulatio,
849 1083 930 1130 sed
970 1084 1078 1144 ipsa
1118 1099 1312 1144 quoque
1353 1085 1563 1131 multum
1594 1084 1742 1132 habet
1778 1100 1858 1130 ur-

185 1155 437 1201 banitatis.
487 1157 556 1202 sic
594 1155 736 1214 Afer,
789 1171 898 1203 cum
951 1160 1117 1219 ageret
1171 1159 1340 1204 contra
1394 1157 1628 1204 libertum
1684 1157 1859 1204 Claudi

188 1226 411 1274 Caesaris
453 1232 500 1275 et
541 1245 597 1275 ex
637 1229 828 1276 diverso
871 1231 1071 1290 quidam
1111 1230 1410 1278 condicionis
1452 1231 1681 1290 eiusdem,
1720 1231 1857 1277 cuius

188 1304 295 1348 erat
333 1302 571 1364 litigator,
614 1303 953 1350 exclamasset:
997 1300 1268 1364 ‘praeterea
1306 1309 1360 1351 tu
1401 1319 1591 1364 semper
1628 1305 1680 1350 in
1713 1304 1858 1352 liber—

184 1378 261 1422 tos
312 1373 532 1422 Caesaris
578 1371 741 1423 dicis’:
806 1372 911 1423 enec
964 1374 1276 1436 mehercule’,
1330 1379 1506 1438 inquit,
1571 1374 1860 1439 ‘quidquam

186 1445 420 1508 proficio’.
462 1451 541 1496 cui
580 1451 795 1496 vicinum
836 1454 908 1497 est
947 1467 1042 1497 non
1084 1467 1262 1513 negare
1305 1451 1433 1512 quod
1474 1451 1701 1510 obicitur,
1750 1466 1859 1498 cum

187 1524 236 1568 et
276 1517 370 1586 [id]
421 1523 588 1582 palam
626 1524 804 1570 falsum
857 1528 929 1571 est
980 1526 1026 1571 et
1073 1524 1186 1572 inde
1233 1525 1440 1572 materia
1489 1524 1610 1572 bene
1663 1540 1859 1586 respon-

187 1596 334 1642 dendi
358 1596 516 1656 datur,
556 1599 612 1643 ut
637 1595 842 1644 Catulus
869 1598 1050 1645 dicenti
1074 1598 1304 1659 Philippo
1347 1595 1484 1660 ‘quid
1517 1594 1726 1645 latras?
1768 1595 1858 1644 ‘fu-

102 1670 163 1713 82
189 1685 292 1716 rem
331 1665 510 1728 video',
550 1672 725 1731 inquit.
766 1673 817 1717 in
859 1686 906 1718 se
949 1672 1108 1719 dicere
1149 1688 1243 1719 non
1286 1673 1384 1719 fere
1425 1674 1499 1719 est
1537 1672 1631 1719 nisi
1673 1687 1859 1719 scurra-

186 1759 295 1789 rum
335 1747 383 1790 et
433 1745 482 1789 in
535 1748 727 1792 oratore
781 1745 953 1806 utique
1004 1745 1203 1792 minime
1257 1745 1525 1807 probabile,
1578 1746 1706 1806 quod
1756 1745 1860 1792 fieri

187 1816 393 1864 totidem
432 1817 588 1864 modis
631 1821 750 1879 quot
789 1819 840 1864 in
881 1819 1003 1866 alios
1035 1823 1220 1879 potest:
1260 1819 1465 1880 ideoque
1498 1819 1604 1878 hoc,
1638 1820 1861 1880 quamvis

100 1890 162 1934 83
189 1891 417 1951 frequens
458 1892 537 1950 sit,
576 1895 784 1939 transeo.
837 1892 962 1939 illud
1003 1908 1131 1952 vero,
1179 1895 1326 1939 etiam
1375 1894 1416 1939 si
1463 1893 1723 1939 ridiculum
1773 1896 1860 1950 est,

189 1963 444 2026 indignum
483 1968 648 2012 tamen
691 1969 764 2012 est
810 1966 1005 2012 homine
1057 1966 1271 2025 liberali,
1327 1966 1455 2028 quod
1511 1969 1598 2013 aut
1649 1967 1862 2027 turpiter
1887 1981 1905 2012 2

190 2040 275 2084 aut
313 2039 540 2098 potenter
580 2038 782 2086 dicitur:
835 2040 963 2100 quod
1003 2039 1172 2087 fecisse
1213 2040 1455 2101 quendam
1497 2041 1612 2099 scio,
1651 2040 1737 2101 qui
1774 2040 1861 2085 hu-

189 2111 373 2157 miliori
427 2111 578 2159 libere
631 2113 862 2160 adversus
915 2129 963 2160 se
1018 2113 1262 2174 loquenti:
1316 2108 1630 2174 ‘colophum',
1684 2113 1863 2174 inquit,

194 2181 304 2231 ‘tibi
344 2185 518 2232 ducam
558 2189 606 2232 et
644 2187 907 2234 formulam
946 2187 1139 2245 scribes,
1190 2187 1320 2248 quod
1360 2191 1509 2247 caput
1555 2187 1732 2234 durum
1777 2187 1861 2233 ha-

189 2254 337 2305 beas'.
391 2259 469 2305 hic
509 2261 638 2306 enim
679 2260 880 2307 dubium
932 2263 1025 2319 est,
1072 2265 1239 2307 utrum
1286 2260 1443 2307 ridere
1498 2260 1749 2307 audientes
1799 2275 1860 2306 an

187 2331 437 2394 indignari
475 2332 742 2381 debuerint.

309 2491 362 2530 20
397 2486 486 2530 Cic.
521 2487 577 2530 de
610 2490 721 2531 orat.
758 2493 797 2541 2,
832 2495 900 2539 54,
935 2494 1019 2531 220

307 2686 333 2723 4
366 2680 446 2722 sed
470 2681 717 2737 Spaldinq:
750 2681 814 2723 sic
936 2685 960 2723 9
994 2680 1157 2724 Gabba
1190 2682 1257 2722 W:
1284 2680 1420 2723 Galla
1444 2689 1522 2722 AG
1547 2679 1697 2724 Galba
1719 2679 1866 2722 1⁷⁹:le

194 2740 197 2795 Ι
233 2739 477 2782 victoriato
509 2748 565 2780 A:
606 2739 799 2782 victoria
840 2742 904 2795 (to
944 2741 1038 2783 add
1087 2741 1234 2795 Valla)
1269 2748 1312 2781 Ρ
1345 2740 1539 2782 victoria
1577 2740 1625 2781 id
1661 2747 1697 2781 G
1726 2754 1765 2781 v.
1800 2739 1859 2781 ad

190 2806 240 2840 Μ
269 2813 305 2840 v.
342 2811 442 2841 asse
481 2806 515 2839 Γ
659 2804 711 2841 12
746 2799 1007 2855 cingantur]
1050 2801 1241 2841 utantur
1274 2800 1445 2856 Regius
1611 2802 1662 2841 19
1695 2798 1744 2840 id
1776 2799 1862 2841 secl

190 2857 414 2914 Spalding]
535 2862 588 2900 25
621 2857 807 2900 liberali
839 2858 925 2901 edd
955 2863 1061 2902 vett:
1093 2857 1326 2900 tolerabili
