2007 3120
205 67 275 117 32
701 64 1075 117 QVINTILIANI
1103 66 1253 110 INST.
1288 67 1380 110 OR.

203 207 369 264 itaque
414 206 672 264 tamquam
717 206 769 250 in
814 221 913 252 una
958 221 1074 252 voce
1122 222 1218 252 una
1257 209 1331 253 est
1369 209 1530 267 acuta,
1582 207 1710 267 quod
1747 207 1876 255 idem

206 277 384 325 accidit
421 279 471 323 in
511 278 598 324 illo

655 351 830 398 Troiae
871 352 957 411 qui
994 353 1182 413 primus
1224 352 1282 398 ab
1323 347 1434 399 oris.

116 424 180 470 28
207 426 382 483 evenit,
422 427 478 470 ut
515 426 661 470 metri
700 439 890 484 quoque
931 425 1150 471 condicio
1189 428 1347 472 mutet
1385 428 1658 472 accentum:

653 497 860 557 pecudes
899 499 1159 558 pictaeque
1198 494 1432 546 volucres.

206 586 320 616 nam
353 565 609 617 ‘volucres'
635 570 796 616 media
828 573 972 617 acuta
1003 571 1179 632 legam,
1211 573 1340 632 quia,
1374 573 1466 620 etsi
1495 574 1673 619 natura
1704 573 1880 632 brevis,

205 646 371 690 tamen
416 644 658 703 positione
705 643 853 706 longa
900 647 987 703 est,
1033 661 1093 691 ne
1132 646 1285 692 faciat
1322 645 1554 704 iambum,
1601 661 1740 706 quem
1783 661 1880 692 non

117 718 182 763 29
206 718 383 776 recipit
413 731 580 763 versus
612 716 799 764 herous.
841 719 1067 778 separata
1093 734 1208 765 vero
1231 718 1352 765 haec
1378 734 1406 765 3
1430 721 1687 780 praecepto
1712 721 1878 767 nostro

207 805 305 836 non
337 789 573 849 recedent,
614 792 700 836 aut
739 791 782 837 si
813 791 1110 838 consuetudo
1142 793 1327 852 vicerit,
1367 795 1506 838 vetus
1538 792 1615 839 lex
1647 794 1880 839 sermonis

208 862 496 909 abolebitur.
560 865 695 909 cuius
743 863 990 911 difficilior
1038 865 1168 925 apud
1216 863 1424 912 Graecos
1471 865 1745 913 observatio
1793 867 1881 926 est,

209 937 326 996 quia
372 936 513 996 plura
559 937 659 984 illis
699 937 934 998 loquendi
973 954 1165 1000 genera,
1213 954 1334 998 quas
1375 936 1651 995 διαλέκτους
1689 941 1883 998 vocant,

209 1013 256 1055 et
308 1009 437 1069 quod
487 1010 610 1056 alias
658 1011 904 1071 vitiosum,
954 1013 1152 1058 interim
1201 1013 1322 1059 alias
1370 1015 1557 1059 rectum
1595 1014 1681 1059 est.
1752 1012 1883 1073 apud

118 1088 183 1132 30
208 1098 296 1129 nos
346 1099 460 1130 vero
511 1082 801 1131 brevissima
850 1087 992 1132 ratio.
1061 1101 1271 1146 namque
1318 1085 1369 1131 in
1409 1087 1544 1133 omni
1581 1099 1698 1132 voce
1739 1087 1883 1132 acuta

207 1158 340 1203 int-ra
379 1173 632 1203 numerum
672 1159 823 1204 trium
855 1158 1157 1220 syllabarum
1189 1161 1479 1217 continetur,
1520 1158 1618 1206 sive
1651 1174 1735 1206 eae
1767 1162 1883 1206 sunt

207 1231 259 1275 in
297 1229 444 1276 verbo
486 1230 616 1277 solae
657 1232 758 1278 sive
795 1232 1016 1291 ultimae,
1064 1235 1111 1279 et
1149 1234 1201 1278 in
1240 1232 1301 1280 iis
1342 1234 1428 1279 aut
1467 1233 1689 1294 proxima
1729 1235 1881 1279 extre-

208 1318 316 1349 mae
368 1308 453 1349 aut
504 1304 564 1350 ab
616 1319 672 1351 ea
723 1307 882 1352 tertia.
951 1308 1102 1352 trium
1150 1322 1312 1366 porro,
1367 1306 1423 1352 de
1471 1306 1646 1366 quibus
1693 1306 1883 1366 loquor,

208 1375 369 1423 media
414 1377 563 1438 longa
610 1380 696 1424 aut
743 1381 888 1425 acuta
929 1382 1014 1425 aut
1051 1379 1175 1427 flexa
1213 1381 1320 1438 erit,
1371 1379 1540 1427 eodem
1577 1379 1683 1427 loco
1722 1379 1882 1427 brevis

208 1451 378 1510 utique
429 1466 627 1512 gravem
679 1451 878 1499 habebit
924 1468 1110 1512 sonum,
1160 1453 1365 1514 ideoque
1413 1454 1627 1513 positam
1666 1455 1778 1499 ante
1819 1468 1882 1512 se,

118 1529 181 1574 81
208 1523 260 1569 id
299 1525 372 1569 est
410 1523 471 1569 ab
511 1524 687 1570 ultima
726 1527 937 1586 tertiam,
980 1530 1132 1573 acuet.
1188 1529 1262 1573 est
1301 1528 1467 1573 autem
1505 1528 1556 1572 in
1597 1527 1729 1572 omni
1767 1541 1883 1573 voce

209 1598 378 1657 utique
420 1600 581 1655 acuta,
621 1597 703 1644 sed
735 1615 1001 1659 numquam
1034 1600 1147 1660 plus
1179 1615 1278 1646 una
1309 1615 1397 1647 nec
1428 1615 1663 1661 umquam
1692 1600 1882 1660 ultima,

208 1669 414 1730 ideoque
452 1671 503 1716 in
543 1670 799 1732 disyllabis
838 1675 985 1732 prior.
1040 1676 1294 1734 praeterea
1331 1689 1600 1734 numquam
1630 1675 1684 1720 in
1715 1672 1884 1720 eadem

209 1743 332 1789 fiexa
373 1746 420 1790 et
459 1746 625 1790 acuta:
675 1747 845 1806 itaque
891 1750 1066 1793 neutra
1113 1747 1277 1794 cludet
1322 1763 1491 1795 vocem
1528 1746 1771 1793 Latinam.
1827 1763 1883 1794 ea

210 1832 339 1875 vero,
380 1833 504 1878 quae
544 1822 657 1865 sunt
696 1819 913 1880 syllabae
953 1822 1110 1879 unius,
1159 1823 1300 1867 erunt
1340 1822 1483 1867 acuta
1523 1823 1607 1867 aut
1646 1819 1783 1880 flexa,
1823 1835 1883 1866 ne

119 1896 183 1941 32
211 1891 274 1937 sit
315 1890 482 1951 aliqua
521 1907 612 1937 vox
653 1894 755 1939 sine
789 1896 945 1940 acuta.
987 1897 1034 1940 et
1065 1895 1153 1941 illa
1184 1911 1272 1956 per
1302 1909 1444 1941 sonos
1477 1893 1717 1954 accidunt,
1759 1909 1884 1954 quae

210 1963 534 2011 demonstrari
588 1967 768 2026 scripto
824 1983 921 2013 non
974 1971 1193 2028 possunt,
1246 1969 1371 2014 vitia
1425 1967 1521 2014 oris
1569 1970 1619 2014 et
1662 1967 1881 2030 linguae:

212 2036 532 2099 ἰωτακισμούς
557 2036 642 2100 <et
673 2037 1039 2103 μυτακισμούς>
1066 2045 1112 2087 31
1137 2040 1497 2103 λαβδακισμούς
1531 2043 1579 2088 et
1604 2039 1883 2103 ἰσχνότητας

211 2114 260 2157 31
291 2113 622 2173 πλατεασμούς
656 2113 896 2160 feliciores
928 2115 1166 2177 fingendis
1190 2114 1469 2162 nominibus
1495 2113 1668 2161 Graeci
1691 2116 1884 2174 vocant,

210 2185 339 2231 sicut
376 2185 728 2246 κοιλοστομίαν,
769 2202 877 2233 011111
915 2203 1010 2235 vox
1049 2190 1192 2249 quasi
1228 2190 1280 2234 in
1319 2203 1510 2235 recessu
1541 2189 1638 2235 oris
1671 2187 1882 2234 auditur.

120 2263 184 2308 33
212 2259 326 2304 sunt
373 2259 520 2304 etiam
566 2260 755 2320 proprii
802 2260 1003 2320 quidam
1049 2266 1097 2308 et
1141 2261 1493 2308 inenarrabiles
1534 2263 1654 2321 soni,
1706 2260 1881 2322 quibus

1906 884 1947 914 10

1908 1251 1949 1282 15

1907 1618 1949 1648 20

1907 1984 1948 2016 25

210 2346 576 2392 nonnumquam
629 2333 851 2381 nationes
904 2335 1253 2396 reprendimus.
1323 2336 1521 2382 remotis
1575 2335 1729 2397 igitur
1783 2350 1882 2381 om·
1906 2352 1949 2383 30

330 2491 353 2528 3
387 2487 498 2530 Aen.
535 2494 572 2539 1,
610 2494 629 2529 1
666 2515 722 2520 —
755 2494 779 2530 ὃ
814 2488 975 2544 Georg.
1012 2494 1050 2543 3,
1085 2494 1182 2543 223,
1227 2491 1338 2532 Aen.
1372 2494 1412 2542 4,
1446 2494 1528 2532 525

329 2623 355 2660 4
389 2622 643 2673 accentum,
676 2623 729 2662 ut
760 2629 804 2662 Ρ
946 2628 970 2664 ὅ
1004 2625 1160 2665 nostro
1193 2637 1261 2665 om
1286 2630 1354 2663 Ab
1521 2626 1573 2664 12
1607 2621 1724 2663 alias
1755 2628 1880 2663 abP:

212 2676 305 2719 alia
329 2685 413 2718 AB
438 2679 443 2733 Ι
472 2678 588 2720 31133
613 2687 712 2721 ΑΡ;
748 2679 842 2722 3113
866 2688 910 2721 Β
1027 2685 1080 2722 22
1114 2679 1194 2735 qui
1226 2680 1275 2722 in
1299 2680 1461 2724 eadem
1486 2680 1614 2737 (quia
1638 2679 1800 2722 eadem
1826 2680 1881 2734 P)

211 2734 329 2777 flexa
362 2737 407 2778 et
440 2739 574 2779 acuta
600 2744 705 2792 post
737 2741 872 2781 acuta
896 2745 1102 2794 repetunt
1126 2747 1228 2781 BP:
1262 2754 1331 2783 om
1353 2745 1449 2781 AN
1559 2743 1614 2781 26
1646 2737 1881 2781 miotacis-

211 2808 312 2836 mus
343 2802 410 2835 Ab
453 2797 458 2849 Ι
501 2798 547 2838 et
579 2798 888 2852 μυτακισμούς
927 2797 1020 2840 (cdd
1054 2798 1267 2842 Claussen
1298 2804 1339 2841 et
1373 2797 1504 2841 Gertz
1625 2801 1680 2838 30
1720 2796 1882 2852 depre-

210 2852 454 2896 hendimus
489 2855 697 2898 Burman
