2055 3130
793 33 847 77 V.
885 39 952 88 11,
986 39 1174 78 24—34.
1717 35 1824 86 279

143 176 287 223 malis
330 192 391 222 an
437 170 626 222 filius?
666 175 745 221 hic
791 174 969 221 mulier
1015 174 1233 233 erubuit,
1271 174 1470 220 merito:
1525 173 1654 220 male
1695 175 1825 219 enim
1852 174 1913 218 29

144 249 477 311 responderat,
529 265 578 296 se
610 248 758 296 malle
799 248 1017 295 alienum
1067 263 1243 294 aurum
1290 263 1440 308 quam
1490 262 1653 306 suum,
1708 262 1825 293 nam

146 326 219 370 est
256 322 310 369 id
354 322 633 383 inprobum.
674 325 739 381 at,
772 321 813 369 si
844 321 1192 382 respondisset,
1230 320 1378 367 malle
1405 335 1454 366 se
1481 335 1658 366 aurum
1684 335 1826 366 suum

143 398 243 443 tale
283 412 400 454 esse,
454 397 598 457 quale
637 395 763 443 illud
804 397 943 454 esset,
994 396 1238 456 potuisset
1287 394 1465 454 pudice
1516 393 1823 454 respondere,

98 487 118 519 5
143 471 289 517 malle
328 485 377 517 se
417 471 579 517 virum
618 485 759 517 suum
798 470 950 516 talem
991 484 1107 525 esse,
1150 468 1309 530 qualis
1349 467 1524 515 melior
1565 471 1704 514 esset.

256 543 366 590 Scio
409 544 647 605 quosdam
684 544 822 590 inani
870 542 1130 604 diligentia
1179 559 1268 604 per
1317 543 1674 589 minutissimas
1729 542 1826 588 ista
1851 542 1915 586 30

141 618 298 679 partis
341 618 564 677 secuisse,
606 620 653 665 et
695 632 797 665 esse
838 617 1029 677 ahquid
1066 618 1228 664 minus
1262 616 1437 678 simile,
1475 618 1532 662 ut
1564 616 1707 663 simia
1738 616 1825 662 bo-

141 692 265 738 mini
305 695 354 739 et
392 707 639 739 marmora
673 691 950 738 deformata
990 692 1150 752 prima
1183 706 1347 750 manu,
1389 689 1579 750 aliquid
1608 690 1737 750 plus,
1770 692 1826 735 ut

140 766 266 812 illud
308 762 424 812 ‘non
472 781 621 813 ovum
667 767 772 812 tam
819 765 978 811 simile
1027 760 1155 825 ovo',
1206 767 1253 811 et
1300 763 1619 811 dissimilibus
1666 763 1824 811 inesse

74 856 117 887 10
142 840 318 899 simile,
342 842 398 886 ut
428 839 661 887 formicae
696 842 745 886 et
778 839 1039 899 elephanto
1073 853 1241 900 genus,
1284 839 1401 899 quia
1433 839 1548 885 sunt
1573 838 1824 896 animalia,

142 918 190 960 et
230 913 474 961 similibus
501 912 754 971 dissimile,
793 916 847 960 ut
884 909 1105 959 ‘canibus
1146 912 1338 959 catulos
1372 914 1421 958 et
1443 911 1686 959 matribus
1711 911 1824 958 1136-

140 983 264 1047 dos',
314 987 548 1034 differunt
598 988 728 1033 enim
784 989 966 1034 aetate:
1020 986 1378 1034 contrariorum
1429 1001 1623 1046 quoque
1679 985 1825 1032 aliter
1850 985 1910 1029 31

139 1061 297 1121 accipi
337 1063 578 1122 opposita,
618 1065 674 1107 ut
713 1063 906 1108 noctem
943 1060 1057 1120 luci,
1098 1061 1244 1107 aliter
1282 1061 1444 1120 noxia,
1495 1062 1550 1106 ut
1590 1059 1826 1121 frigidam

138 1135 279 1194 febri,
320 1136 466 1182 aliter
503 1135 848 1197 repugnantia,
888 1138 946 1182 ut
985 1150 1157 1181 verum
1195 1135 1336 1193 falso,
1379 1133 1522 1181 aliter
1555 1133 1824 1195 disparata,

73 1226 113 1257 15
139 1211 196 1256 ut
235 1209 356 1256 dura
396 1225 494 1256 non
535 1209 689 1256 duris:
731 1209 813 1256 sed
854 1209 971 1270 quid
1002 1210 1124 1256 haec
1157 1208 1221 1255 ad
1251 1223 1482 1270 praesens
1514 1208 1824 1269 propositum

139 1299 436 1346 magnopere
475 1284 771 1345 pertineant,
811 1299 909 1330 non
947 1285 1152 1344 reperio.

249 1357 380 1404 Illud
421 1362 495 1405 est
537 1357 872 1405 adnotandum
910 1358 1085 1420 magis,
1138 1358 1432 1420 argumenta
1471 1356 1585 1403 duci
1624 1372 1680 1402 ex
1719 1356 1823 1403 iure
1849 1355 1912 1399 32

138 1431 302 1492 simili,
342 1434 398 1478 ut
431 1430 598 1478 Cicero
638 1433 691 1477 in
717 1431 934 1492 Topicis:
978 1428 1123 1490 ‘eum,
1164 1432 1241 1478 cui
1275 1431 1446 1478 domus
1479 1445 1596 1478 usus
1630 1431 1821 1477 fructus

137 1505 337 1552 relictus
364 1507 444 1566 sit,
482 1521 581 1553 non
605 1507 954 1553 restituturum
979 1506 1162 1564 heredi,
1204 1507 1246 1553 si
1279 1506 1532 1564 corruerit,
1575 1506 1691 1565 quia
1725 1520 1824 1551 non

69 1596 113 1627 20
137 1580 370 1627 restituat
410 1595 620 1639 servum,
661 1580 702 1627 si
726 1581 768 1627 is
802 1576 1104 1627 decesserit’:
1147 1596 1203 1626 ex
1244 1580 1513 1627 contrario:
1556 1575 1700 1625 ‘nihil
1740 1578 1823 1625 ob-

137 1656 252 1712 stat,
292 1670 388 1715 quo
423 1653 588 1701 minus
613 1655 800 1701 iustum
833 1655 1203 1701 matrimonium
1235 1655 1299 1702 sit
1330 1656 1493 1701 mente
1528 1654 1823 1715 coeuntium,

138 1730 289 1774 etiam
329 1729 370 1776 si
408 1728 608 1775 tabulae
648 1729 872 1790 signatae
905 1744 1003 1775 non
1035 1728 1239 1787 fuerint,
1280 1728 1407 1774 nihil
1440 1729 1571 1774 enim
1602 1726 1823 1788 proderit

137 1801 356 1865 signasse
395 1802 607 1863 tabulas,
659 1801 701 1849 si
745 1804 961 1849 mentem
1007 1802 1315 1849 matrimonii
1361 1818 1460 1849 non
1506 1802 1658 1849 fuisse
1710 1816 1821 1848 con-

137 1872 332 1923 stabit':
374 1892 432 1923 ex
471 1876 714 1937 dissimili,
755 1877 899 1937 quale
941 1879 1014 1924 est
1055 1875 1301 1924 Ciceronis
1342 1892 1431 1937 pro
1475 1875 1705 1923 Caecina:
1748 1871 1822 1922 ‘ut
1847 1875 1910 1918 33

69 1966 111 1998 25
137 1951 181 1997 si
220 1952 306 2011 qui
343 1967 421 1996 me
462 1953 592 1998 exire
633 1950 776 1998 domo
818 1952 1056 2013 coegisset
1098 1952 1260 2010 armis,
1300 1950 1531 1998 haberem
1563 1951 1823 2011 actionem,

137 2025 177 2071 si
219 2025 305 2085 qui
343 2025 550 2071 introire
590 2024 938 2085 prohibuisset,
978 2041 1076 2072 non
1116 2021 1400 2072 haberem?
1444 2023 1706 2071 dissimilia
1754 2025 1823 2071 sic

137 2097 590 2160 deprehenduntur:
634 2095 765 2159 ‘non,
805 2099 860 2160 si,
902 2101 986 2159 qui
1027 2101 1287 2159 argentum
1326 2114 1468 2145 0111116
1509 2098 1711 2161 legavit,
1750 2099 1822 2145 vi-

136 2172 240 2219 deri
294 2175 458 2234 potest
514 2174 762 2235 signatam
812 2189 1006 2234 quoque
1067 2173 1329 2234 pecuniam
1381 2173 1654 2233 reliquisse,
1709 2171 1820 2219 ideo

137 2247 301 2308 etiam,
343 2246 474 2307 quod
514 2250 586 2294 est
625 2248 677 2293 in
717 2247 1015 2307 nominibus,
1056 2247 1164 2295 dari
1203 2248 1416 2294 voluisse
1459 2241 1709 2294 creditur’.

71 2337 113 2368 30
251 2320 536 2384 Analogian
562 2321 763 2382 quidam
797 2337 825 2368 a
857 2322 1008 2368 simili
1036 2324 1410 2382 separaverunt,
1449 2336 1536 2368 nos
1571 2337 1675 2368 eam
1712 2320 1821 2367 sub·
1847 2317 1913 2364 34

137 2395 318 2442 iectam
356 2395 472 2442 huic
511 2397 679 2458 generi
740 2398 987 2456 putamus.
1042 2411 1158 2442 113111
1204 2398 1262 2443 ut
1322 2412 1475 2442 unum
1531 2395 1593 2442 ad
1640 2394 1822 2454 decem,

257 2541 308 2578 11
342 2536 608 2592 Verg.E01.
645 2541 682 2589 1,
718 2540 771 2578 23
821 2563 876 2568 —
933 2541 986 2580 13
1022 2551 1045 2580 0
1088 2542 1128 2590 3,
1175 2541 1228 2579 15
1282 2562 1340 2568 —
1395 2541 1451 2579 24
1485 2551 1506 2579 c
1542 2541 1610 2589 12,
1656 2540 1711 2578 34
1765 2561 1825 2567 —

138 2598 191 2636 27
228 2593 316 2637 Cic.
352 2595 464 2651 Top.
500 2601 540 2650 3,
575 2600 628 2639 13
664 2598 710 2639 et-
744 2601 796 2638 16

256 2731 280 2769 3
313 2727 362 2770 id
393 2728 482 2772 hoc
515 2729 634 2781 libri,
667 2730 717 2771 in
749 2737 833 2771 ΑΡ
861 2729 961 2782 1100,
995 2731 1045 2773 in
1076 2737 1150 2780 By
1180 2729 1230 2771 id
1262 2743 1441 2773 erasmn
1473 2734 1537 2772 est
1716 2733 1741 2771 8
1775 2731 1822 2770 et

136 2788 332 2843 Reyius:
356 2789 403 2830 et
425 2790 478 2830 ut
593 2794 646 2830 13
674 2801 844 2843 aquam
867 2787 1091 2844 frigidam
1114 2797 1225 2831 APb
1342 2794 1396 2831 14
1422 2790 1638 2843 separata
1662 2793 1832 2829 APbN

256 2851 309 2889 25
344 2846 401 2889 de
434 2847 569 2890 domo
601 2856 638 2889 ‚1
761 2852 815 2891 ’28
849 2862 1032 2903 quoque
1064 2862 1134 2892 om
1168 2856 1211 2890 B
1331 2852 1385 2890 30
1419 2861 1446 2890 a
1478 2855 1603 2890 Pub:
1638 2860 1708 2890 om
1739 2854 1826 2888 ΑΒ
