2055 3130
234 49 343 102 310
730 49 1102 102 QVINTILIANI
1131 51 1281 95 INST.
1318 52 1410 95 ΟΒ.

147 187 209 232 14
237 188 334 236 nisi
372 205 460 237 sua
500 189 645 249 culpa
683 188 767 235 diu
807 189 951 237 dolet.
1003 190 1086 238 sed
1138 192 1350 238 vivimus
1397 194 1447 238 et
1493 192 1659 252 aliqua
1706 192 1904 239 vivendi

232 263 360 309 ratio
402 261 678 322 quaerenda
717 264 803 321 est,
844 263 1231 324 credendumque
1271 264 1565 312 doctissimis
1611 265 1904 324 hominibus,

235 336 321 396 qui
358 337 556 381 unicum
611 335 925 382 adversorum
976 337 1214 384 solacium
1263 337 1455 384 litteras
1507 340 1817 398 putaverunt.
1861 340 1904 386 si

234 408 428 468 quando
467 411 632 454 tamen
672 410 744 455 ita
782 409 1016 456 resederit
1061 425 1290 471 praesens
1346 411 1579 471 impetus,
1627 414 1683 458 ut
1733 411 1904 473 aliqua.

232 484 310 528 tot
348 482 560 529 luctibus
601 482 702 528 alia
756 482 990 545 cogitatio
1044 485 1195 530 inseri
1232 485 1402 544 possit,
1449 500 1547 531 non
1593 485 1774 532 iniuste
1819 501 1901 545 pe-
1949 504 1969 533 ε»

232 555 397 601 tierim
446 570 611 601 morae
665 556 872 601 veniam.
928 556 1037 616 quis
1092 557 1221 603 enim
1261 557 1416 604 dilata
1470 557 1636 605 studia
1683 559 1905 617 miretur,

144 626 206 671 15
233 642 357 688 quae
396 627 560 687 potius
599 643 696 674 non
737 628 946 689 abrupta
986 644 1088 677 esse
1125 630 1404 676 mirandum
1444 628 1548 678 est‘?
1587 633 1694 678 tum
1733 632 1776 678 si
1806 647 1904 692 qua

231 700 417 747 fuerint
454 702 616 748 minus
657 701 829 748 effecta
868 703 959 762 eis,
1010 718 1135 763 quae
1173 703 1330 750 levius
1371 703 1527 751 adhuc
1566 703 1752 751 adflicti
1798 719 1902 751 coe-

229 789 473 835 peramus,
513 775 822 834 imperitanti
860 775 1085 823 fortunae
1124 778 1456 835 remittantur,
1497 792 1643 838 quae,
1694 779 1738 824 si
1784 778 1904 838 quid

229 847 547 894 mediocrium
587 849 773 909 alioqui
811 850 863 894 in
901 853 1068 896 nostro
1107 851 1304 912 ingenio
1344 850 1524 897 virium
1563 851 1672 909 fuit,
1711 854 1767 897 ut
1804 866 1903 898 non

230 920 504 980 extinxerit,
544 920 823 968 debilitavit
861 925 1042 970 tamen.
1083 923 1166 970 sed
1207 923 1285 970 vel
1324 926 1526 984 propter
1555 924 1646 971 hoc
1678 939 1765 971 nos
1792 939 1902 972 con-

230 994 475 1042 tumacius
516 996 774 1057 erigamus,
829 995 959 1056 quod
998 996 1138 1043 illam
1176 1001 1232 1042 ut
1270 998 1483 1058 perferre
1523 997 1663 1045 nobis
1702 997 1903 1044 difficile

231 1070 318 1126 est,
357 1069 430 1114 ita
468 1068 611 1115 facile
659 1072 979 1116 contemnere.
1035 1070 1159 1116 1111111
1207 1071 1336 1117 enim
1390 1070 1484 1117 sibi
1538 1071 1772 1118 adversus
1826 1086 1903 1118 me

228 1142 431 1201 reliquit
463 1144 511 1187 et
541 1142 785 1188 infelicem
820 1142 1031 1203 quidem,
1073 1143 1156 1190 sed
1189 1145 1512 1191 certissimam
1542 1148 1709 1191 tamen
1733 1145 1903 1192 attulit

144 1213 204 1255 16
232 1214 353 1260 mihi
393 1231 448 1261 ex
488 1215 563 1262 his
603 1215 746 1263 malis
787 1218 1113 1262 securitatem.
1162 1216 1278 1263 boni
1318 1220 1483 1264 autem
1523 1217 1771 1264 consulere
1817 1233 1902 1265 no-

168 2241 196 2284 Nu

229 1295 385 1334 strum
424 1288 640 1335 laborem
679 1290 757 1336 vel
788 1293 990 1350 propter
1020 1290 1109 1336 hoc
1144 1305 1310 1337 aecum
1346 1294 1430 1350 est,
1471 1291 1601 1352 quod
1632 1291 1681 1336 in
1713 1292 1903 1338 nullum

228 1362 327 1407 iam
366 1363 622 1422 proprium
662 1378 803 1410 usum
850 1378 1239 1424 perseveramus,
1287 1364 1370 1410 sed
1417 1366 1573 1411 omnis
1620 1364 1739 1411 haec
1786 1380 1902 1412 cura

229 1435 415 1482 alienas
456 1436 714 1494 utilitates,
755 1438 797 1483 si
834 1436 979 1483 modo
1021 1437 1138 1497 quid
1178 1438 1298 1484 utile
1339 1437 1500 1495 scribi,
1549 1441 1750 1498 spectat.
1814 1453 1901 1486 nos

227 1509 393 1556 miseri
432 1509 558 1556 sicut
598 1509 859 1557 facultates
892 1511 1181 1570 patrimonii
1217 1512 1385 1570 nostri,
1424 1512 1496 1558 ita
1521 1511 1612 1558 hoc
1637 1527 1758 1572 opus
1791 1511 1901 1560 aliis

227 1582 656 1644 praeparabamus,
697 1583 808 1630 aliis
847 1583 1193 1645 relinquemus.

759 1708 857 1766 [DE
890 1708 1354 1766 PERORATIONE]

339 1802 376 1850 I.
417 1802 670 1851 Peroratio
710 1804 1018 1864 sequebatur,
1059 1821 1209 1866 quam
1249 1805 1497 1852 cumulum
1537 1805 1751 1866 quidam,
1790 1819 1901 1853 con—

227 1876 493 1923 clusionem
543 1877 629 1923 alii
675 1881 867 1924 vocant.
917 1880 1020 1926 eius
1070 1879 1250 1939 duplex
1295 1880 1422 1925 ratio
1463 1883 1558 1937 est,
1605 1881 1769 1940 posita
1815 1885 1900 1925 aut

227 1951 280 1996 in
318 1950 462 1997 rebus
503 1955 586 1997 aut
620 1952 670 1997 in
705 1951 992 1998 adfectibus.
1033 1968 1193 1999 rerum
1227 1953 1456 2013 repetitio
1489 1957 1538 1999 et
1569 1954 1900 2015 congregatio,

1930 869 1970 899 10

1929 1236 1968 1266 15

228 2039 353 2083 quae
395 2022 576 2071 Graece
617 2024 797 2071 dicitur
835 2023 1267 2086 ἁνακεφαλαίωσις,
1308 2041 1335 2071 3
1376 2025 1668 2086 quibusdam
1699 2025 1900 2074 Latino-
1927 2043 1966 2073 εἴ)

225 2113 335 2143 rum
384 2100 704 2158 enumeratiO,
762 2103 807 2146 et
864 2099 1146 2146 memoriam
1202 2100 1376 2146 iudicis
1429 2099 1586 2147 reficit
1640 2103 1689 2146 et
1741 2103 1900 2147 totam

227 2171 371 2217 simul
411 2186 608 2218 causam
647 2173 787 2232 ponit
828 2176 940 2219 ante
982 2173 1161 2231 oculos,
1209 2177 1269 2233 et,
1311 2175 1458 2220 etiam
1499 2175 1541 2220 si
1578 2188 1666 2233 per
1704 2174 1899 2236 singula

228 2245 389 2291 minus
429 2250 663 2303 moverat,
702 2245 848 2292 turba
887 2247 1032 2293 valet.
1071 2248 1124 2293 in
1156 2247 1247 2293 hac
1287 2262 1410 2307 quae
1443 2250 1717 2307 repetemus
1751 2261 1898 2307 quam

226 2317 510 2365 brevissime
550 2318 755 2366 dicenda
795 2324 922 2378 sunt,
964 2328 1026 2379 et,
1067 2320 1196 2380 quod
1230 2318 1414 2367 Graeco
1447 2320 1594 2367 verbo
1627 2323 1779 2381 patet,
1819 2320 1898 2368 de-

344 2491 368 2529 9
401 2488 689 2543 imperit-anti
723 2489 1010 2532 Lochmann:
1041 2489 1207 2544 imperi
1233 2493 1312 2532 aut
1338 2497 1404 2540 Ay
1428 2488 1611 2544 imperii
1637 2493 1717 2532 aut
1742 2497 1792 2531 Μ
1812 2489 1897 2531 1111-

224 2546 390 2601 peritie
425 2550 504 2589 aut
538 2555 619 2589 ΡΥ
765 2553 817 2590 16
851 2561 1048 2602 aequum
1084 2549 1317 2591 Muretus:
1361 2561 1547 2590 caecum
1701 2553 1753 2590 17
1788 2561 1897 2590 cura

227 2605 401 2647 alienas
434 2605 664 2648 utilitates
694 2606 985 2649 Gnilz'elmus:
1018 2620 1149 2648 curas
1183 2610 1308 2649 (cura
1340 2609 1392 2649 ut
1423 2610 1472 2651 Vl
1506 2606 1681 2650 alienas
1713 2606 1896 2662 (alienis

226 2667 331 2718 MV)
364 2664 502 2706 utiles
534 2673 703 2706 AGJH·
729 2678 835 2707 cura
870 2665 930 2707 ad
963 2665 1137 2708 alienos
1178 2668 1229 2708 ut
1273 2665 1437 2708 alienis
1477 2665 1606 2708 utilis
1647 2674 1691 2708 Ρ
1726 2667 1803 2709 sed
1837 2667 1895 2708 ad

227 2722 283 2764 al.
317 2727 370 2765 ut
399 2725 582 2777 punctis
609 2729 790 2767 notatur
913 2728 965 2765 18
992 2724 1130 2766 scribi
1155 2732 1294 2777 ΛΕΜ,
1321 2738 1421 2768 corr
1447 2733 1504 2766 P:
1532 2724 1773 2767 scribimus
1799 2726 1902 2766 P¹r

225 2782 373 2824 scribo
416 2782 604 2826 Vollmer
725 2787 780 2824 20
811 2779 1091 2838 parabamus
1124 2785 1332 2827 Burman
1368 2782 1729 2839 properabamus
1771 2785 1896 2827 Vati-

223 2853 365 2884 canus
398 2844 510 2883 1763
633 2846 686 2883 25
721 2855 747 2884 a
780 2841 1060 2896 quibusdam
1095 2842 1215 2887 Cass.
1251 2850 1382 2893 Myr:
1417 2842 1694 2897 quibusdam
1727 2850 1810 2884 ΑΡ
