2055 3130
227 40 299 92 32
306 40 337 91 8
736 40 1107 93 QVINTILIANI
1136 41 1285 85 INST.
1320 40 1411 85 ΟΒ.

227 195 324 226 non
386 181 572 238 omnia,
649 196 774 240 quae
850 181 902 227 in
970 197 1021 228 re
1081 182 1331 241 praesenti
1384 180 1614 228 accidisse
1668 180 1898 228 credibile

228 254 315 312 est,
355 254 406 299 in
439 253 592 300 oculis
624 252 846 300 habebo?
886 270 982 302 non
1022 269 1276 315 percussor
1306 254 1390 300 ille
1423 253 1610 301 subitus
1643 252 1898 315 erumpet?

227 341 323 372 non
364 329 652 386 expavescet
691 326 1083 374 circumventus?
1137 326 1431 374 exclamabit
1468 327 1547 374 vel
1585 327 1782 389 rogabit
1819 327 1899 374 vel

229 397 420 461 fugiet?
451 415 548 446 non
581 399 852 459 ferientem,
885 416 982 447 non
1015 400 1346 448 concidentem
1370 398 1579 447 videbo?
1611 415 1708 446 non
1735 400 1896 447 animo

229 474 426 534 sanguis
469 475 516 518 et
555 473 716 533 pallor
757 476 807 520 et
846 473 1071 535 gemitus,
1111 478 1355 520 extremus
1388 473 1597 534 denique
1631 473 1897 534 expirantis
1944 489 1964 520 5

227 547 391 592 hiatus
430 544 649 592 insidet‘.>

141 620 203 663 32
339 619 625 679 Insequitur
678 616 913 683 ἐνάργεια,
966 635 1089 680 quae
1146 636 1174 666 a
1229 618 1459 666 Cicerone
1512 621 1796 667 inlustratio
1852 622 1900 667 et

230 692 476 739 evidentia
515 694 810 752 nominatur,
852 709 978 753 quae
1017 709 1116 740 non
1153 697 1257 740 tam
1304 693 1462 740 dicere
1508 693 1706 740 videtur
1752 708 1900 755 quam

231 765 495 824 ostendere,
529 767 577 811 et
609 766 829 813 adfectus
862 782 959 813 non
992 766 1151 826 aliter,
1187 783 1334 828 quam
1367 768 1409 812 si
1431 767 1573 814 rebus
1597 768 1719 827 ipsis
1749 768 1898 814 inter-

230 840 394 900 simus,
435 841 711 900 sequentur.
754 855 815 886 an
855 856 952 887 non
994 856 1049 886 ex
1089 840 1164 887 his
1203 840 1474 886 visionibus
1513 840 1600 886 illa
1641 843 1774 887 sunt:
1927 856 1967 887 10
2036 897 2037 901 Ἰ

423 909 630 959 ‘excussi
667 913 893 960 manibus
931 913 1058 959 radii
1096 914 1417 974 revolutaque
1456 928 1606 974 pensa
1645 940 1717 945 —
2034 902 2039 922 ⁵

656 987 849 1048 levique
888 990 1062 1048 patens
1100 989 1151 1033 in
1191 991 1385 1048 pectore
1418 983 1612 1033 vulnus'
1646 1013 1718 1019 —

141 1059 204 1103 33
231 1074 384 1120 equus
423 1060 507 1106 ille
556 1061 607 1106 in
659 1061 826 1107 funere
866 1060 1105 1107 Pallantis
1160 1062 1332 1122 positis
1387 1058 1695 1124 insignibus?
1751 1058 1903 1120 quid?

232 1148 329 1179 non
367 1133 497 1179 idem
537 1135 918 1195 poeta'penitus
958 1135 1126 1180 ultimi
1157 1133 1251 1180 fati
1282 1136 1506 1194 concepit
1535 1136 1815 1196 imaginem,
1847 1136 1903 1180 ut

231 1207 437 1253 diceret:
1928 1223 1967 1255 15

499 1275 567 1326 ‘et
607 1280 762 1327 dulcis
802 1283 1014 1327 moriens
1053 1281 1386 1327 reminiscitur
1424 1277 1637 1342 Argos'?

143 1353 207 1397 34
233 1353 319 1399 ubi
349 1369 465 1400 vero
497 1355 811 1401 miseratione
845 1369 966 1415 opus
1001 1356 1108 1413 erit,
1149 1354 1288 1402 nobis
1322 1370 1392 1413 ea,
1432 1354 1489 1400 de
1523 1354 1701 1415 quibus
1736 1370 1902 1415 quere-

234 1443 358 1485 mur,
407 1426 638 1475 accidisse
680 1427 933 1475 credamus
974 1431 1121 1489 atque
1168 1428 1217 1474 id
1267 1429 1430 1475 animo
1483 1432 1650 1475 nostro
1705 1443 1902 1489 persua-

233 1500 446 1547 deamus.
487 1516 574 1548 nos
614 1501 692 1548 illi
731 1503 900 1561 simus,
940 1517 1063 1563 quos
1103 1503 1291 1562 gravia,
1329 1501 1549 1565 indigna,
1587 1503 1754 1548 tristia
1792 1516 1901 1562 pas-

232 1589 307 1621 sos
351 1590 620 1635 queremur,
660 1590 747 1621 nec
789 1590 990 1637 agamus
1029 1591 1130 1621 rem
1172 1577 1314 1636 quasi
1354 1575 1580 1633 alienam,
1627 1575 1711 1622 sed
1756 1574 1902 1622 adsu-
1927 1591 1969 1623 20

230 1663 420 1695 mamus
474 1664 739 1709 parumper
792 1649 936 1694 illum
993 1648 1222 1695 dolorem.
1277 1650 1349 1695 ita
1397 1648 1626 1708 dicemus,
1682 1664 1805 1709 quae
1851 1649 1904 1695 in

144 1721 206 1765 35
233 1724 401 1768 nostro
442 1722 594 1769 simili
634 1738 749 1769 casu
788 1721 971 1769 dict-uri
1010 1737 1232 1770 essemus.
1275 1722 1378 1768 vidi
1411 1738 1498 1785 ego
1532 1738 1675 1783 saepe
1706 1721 1902 1770 histrio-

232 1811 315 1843 nes
357 1798 503 1856 atque
543 1795 812 1851 comoedos,
865 1811 976 1842 cum
1017 1812 1071 1842 ex
1113 1795 1278 1856 aliquo
1319 1798 1543 1858 graviore
1583 1799 1696 1843 actu
1742 1811 1904 1856 perso-

232 1885 345 1915 nam
386 1869 738 1930 deposuissent,
777 1869 947 1916 fientes
989 1869 1145 1916 adhuc
1186 1869 1362 1931 egredi.
1406 1869 1533 1929 quod
1573 1872 1615 1918 si
1645 1871 1696 1916 in
1729 1870 1902 1916 alienis

234 1945 429 2003 scriptis
478 1944 581 1990 sola
635 1944 974 2004 pronuntiatio
1029 1945 1101 1990 ita
1153 1943 1290 1990 falsis
1342 1943 1564 1989 accendit
1617 1943 1903 2001 adfectibus,
1929 1958 1970 1990 ‘25

234 2016 351 2076 quid
391 2032 477 2064 nos
519 2016 767 2076 faciemus,
813 2019 898 2078 qui
936 2017 1025 2063 illa
1065 2017 1281 2078 cogitare
1329 2017 1578 2076 debemus,
1625 2019 1681 2063 ut
1718 2018 1905 2064 moveri

144 2088 205 2132 36
236 2091 625 2151 periclitantium
666 2092 770 2137 vice
810 2089 1085 2151 possimus‘.>
1126 2089 1208 2136 sed
1248 2091 1298 2135 in
1339 2090 1504 2137 schola
1538 2106 1730 2152 quoque
1761 2089 1904 2137 rebus

236 2165 357 2224 ipsis
398 2163 542 2210 adfici
581 2166 807 2211 convenit
848 2180 1024 2226 easque
1065 2179 1202 2210 veras
1244 2163 1337 2211 sibi
1377 2163 1570 2226 fingere,
1617 2164 1707 2212 hoc
1746 2165 1905 2226 magis

235 2236 361 2298 quod
402 2237 505 2284 illic
558 2241 613 2284 ut
666 2239 944 2301 litigatores
998 2238 1249 2299 loquimur
1299 2239 1600 2298 frequentius
1653 2253 1800 2298 quam
1848 2240 1907 2284 ut

353 2411 375 2448 7
409 2407 572 2450 Partit.
607 2421 667 2449 or.
704 2412 742 2457 6,
777 2412 831 2449 20
877 2434 932 2438 —
978 2413 1028 2449 11
1065 2407 1197 2463 Verg.
1233 2409 1343 2450 Aen.
1380 2411 1418 2461 9,
1453 2411 1536 2449 474
1570 2433 1624 2437 —
1661 2411 1712 2448 12
1745 2406 1806 2449 ib.
1836 2411 1904 2456 11,

233 2469 289 2506 4ο
322 2492 376 2496 -
412 2470 464 2507 13
498 2465 559 2508 ib.
596 2471 662 2517 11,
697 2470 751 2507 89
786 2493 839 2498 —
876 2471 927 2509 16
962 2466 1021 2509 ib.
1060 2472 1126 2518 10,
1162 2470 1244 2508 782

355 2603 407 2640 13
423 2611 567 2653 equus
585 2599 830 2655 Spaldiny:
847 2601 893 2641 et
911 2613 1024 2653 quos
1040 2606 1169 2640 AGJ!
1184 2600 1231 2641 et
1244 2612 1333 2652 quo
1355 2601 1441 2640 I'et
1454 2612 1596 2653 equus
1613 2606 1655 2639 P
1730 2602 1783 2639 14
1798 2611 1903 2640 con-

235 2657 358 2712 cepit-
392 2659 582 2714 Reye'us:
615 2658 739 2713 cepit-
920 2662 972 2701 18
1005 2657 1053 2699 id
1087 2658 1240 2700 animo
1277 2658 1468 2714 Reyius:
1498 2657 1547 2699 in
1579 2656 1733 2700 animo

236 2721 290 2759 22
326 2729 528 2759 essemus
561 2725 656 2759 Pr:
689 2716 964 2759 vidissemus
995 2724 1128 2758 ,1011
1245 2720 1299 2758 25
1334 2716 1547 2758 accendit
1578 2723 1687 2758 PM:
1723 2715 1905 2758 accedit

234 2783 355 2816 ΑΕΓ
501 2780 553 2818 ‘26
586 2778 639 2817 ut
669 2801 726 2806 -
757 2776 989 2830 possimus
1023 2783 1117 2817 Pr:
1160 2778 1207 2818 et
1240 2801 1294 2806 —
1326 2789 1567 2830 possumus
1600 2781 1731 2816 ΛΕΜ

236 2838 290 2876 29
323 2833 421 2877 illic
453 2837 506 2876 ut
538 2842 632 2876 Pr:
667 2834 737 2876 illi
768 2842 901 2877 ,mn
