2055 3130
661 81 755 125 111..
774 86 814 137 e,
848 85 1066 124 99—104.
1103 85 1142 133 7,
1177 85 1304 124 1—5.
1710 81 1814 132 159

242 221 431 270 Causa
487 238 682 283 quoque
724 223 773 268 et
817 221 1114 267 iudicatio
1170 223 1219 267 et
1273 221 1586 267 continens
1643 223 1717 267 est
1761 220 1935 266 111104

129 298 264 343 omni
303 312 478 359 genere
518 311 790 343 causarum.
839 294 965 340 nihil
1007 296 1138 341 enim
1185 293 1387 353 dicitur,
1436 295 1514 340 cui
1559 309 1659 341 non
1697 294 1818 340 insit

126 372 255 418 ratio
296 374 344 417 et
384 386 480 431 quo
519 369 757 415 iudicium
796 369 1041 415 referatur
1080 369 1128 414 et
1169 367 1298 428 quod
1329 383 1431 414 rem
1465 369 1678 414 maxime
1705 383 1815 414 con-

126 446 299 491 tineat.
354 443 438 490 sed
478 444 595 504 quia
633 444 794 504 magis
833 442 956 488 haec
994 443 1254 489 variantur
1300 443 1353 487 in
1400 440 1572 488 litibus
1621 444 1670 488 et
1715 441 1816 488 fere

84 535 102 566 5
127 517 314 564 tradita
354 520 469 564 sunt
509 517 568 563 ab
609 517 685 576 iis,
727 518 812 577 qui
851 515 909 563 de
941 515 1259 563 iudicialibus
1292 517 1452 562 causis
1485 516 1656 576 aliqua
1688 531 1815 562 com-

125 593 410 653 posuerunt,
448 590 501 636 in
540 591 681 637 illam
718 592 911 651 partem
953 589 1259 636 differantur.
1300 605 1445 649 nunc,
1487 589 1604 650 quia
1634 590 1686 635 in
1718 591 1819 636 tria

127 681 307 727 genera
347 680 517 711 causas
559 665 717 724 divisi,
759 664 980 711 ordinem
1021 679 1213 725 sequar.

469 775 567 833 [DE
601 775 804 818 LAUDE
837 775 914 817 ET
945 774 1477 832 VITUPERATIONE]

237 857 348 904 VH.
409 856 483 903 Ac
536 857 851 918 potissimum
903 857 1141 917 incipiam
1195 855 1254 902 ab
1312 871 1382 915 ea,
1439 871 1564 916 quae
1621 858 1816 903 constat

62 948 104 979 ιο
127 932 303 978 laude
344 947 401 978 ac
439 932 914 992 vituperatione.
957 930 1087 991 quod
1119 946 1272 992 genus
1304 930 1501 977 videtur
1526 931 1818 977 Aristoteles

130 1008 278 1066 atque
320 1021 431 1051 eum
471 1008 666 1052 secutus
693 1005 1062 1065 Theophrastus
1097 1020 1126 1051 a
1157 1006 1300 1066 parte
1333 1004 1587 1067 negotiali,
1626 1005 1719 1052 hoc
1745 1007 1819 1052 est

127 1083 450 1148 πραγματικῇ,
489 1081 755 1126 removisse
802 1082 1058 1140 totamque
1106 1078 1169 1126 ad
1220 1079 1348 1126 solos
1398 1078 1648 1126 auditores
1695 1079 1818 1126 rele-

129 1169 294 1216 gasse,
335 1155 385 1200 et
422 1154 475 1200 id
514 1155 620 1200 eius
659 1153 896 1213 nominis,
950 1152 1078 1214 quod
1120 1153 1178 1199 ab
1228 1152 1559 1200 ostentatione
1608 1153 1818 1212 ducitur,

127 1229 385 1289 proprium
424 1229 509 1274 est.
551 1227 636 1274 sed
658 1243 764 1275 mos
796 1227 1049 1274 Romanus
1083 1229 1235 1274 etiam
1267 1227 1480 1289 negotiis
1512 1227 1604 1274 hoc
1636 1243 1814 1274 munus

62 1318 103 1349 15
127 1303 351 1349 inseruit.
392 1317 505 1348 nam
549 1305 597 1349 et
636 1301 865 1349 funebres
915 1301 1225 1348 laudationes
1273 1301 1491 1362 pendent
1537 1301 1820 1362 frequenter

129 1393 186 1423 ex
227 1376 392 1437 aliquo
432 1376 630 1437 publico
672 1376 833 1424 officio
875 1380 1024 1436 atque
1066 1392 1122 1422 ex
1164 1378 1360 1422 Senatus
1395 1376 1619 1423 consulto
1663 1377 1818 1438 magi-

129 1450 366 1498 stratibus
406 1465 551 1511 saepe
590 1450 907 1510 mandantur,
960 1454 1008 1497 et
1046 1450 1250 1496 laudare
1297 1452 1475 1497 testem
1522 1451 1601 1497 vel
1649 1452 1821 1497 contra

128 1526 345 1585 pertinet
385 1524 447 1570 ad
477 1527 783 1571 momentum
807 1524 1120 1584 iudiciorum,
1161 1527 1210 1570 et
1242 1524 1364 1585 ipsis
1390 1525 1541 1571 etiam
1572 1525 1669 1571 reis
1702 1524 1818 1570 dare

128 1598 411 1646 laudatores
450 1598 582 1658 licet,
623 1601 673 1645 et
712 1599 834 1645 editi
872 1599 925 1645 in
965 1599 1325 1659 competitores,
1366 1598 1416 1644 in
1470 1597 1525 1644 L.
1574 1598 1819 1657 Pisonem,

62 1689 105 1720 20
129 1673 181 1719 in
223 1671 451 1720 Clodium
491 1675 540 1719 et
582 1671 844 1719 Curionem
883 1672 1001 1719 libri
1039 1673 1458 1733 vituperationem
1491 1674 1747 1719 continent
1771 1676 1819 1719 et

129 1749 298 1794 tamen
336 1748 391 1793 in
430 1748 604 1793 senatu
635 1747 743 1794 loco
777 1751 890 1794 sunt
922 1746 1083 1794 habiti
1114 1748 1400 1793 sententiae.
1440 1763 1598 1807 neque
1630 1746 1815 1794 infitias

132 1837 187 1869 eo
230 1821 469 1882 quasdam
510 1836 612 1868 esse
654 1837 710 1866 ex
749 1821 840 1868 hoc
880 1837 1056 1884 genere
1095 1822 1330 1868 materias
1380 1821 1443 1867 ad
1489 1821 1646 1868 solam
1693 1836 1818 1868 com—

130 1897 320 1956 positas
360 1897 760 1955 ostentationem,
799 1899 855 1942 ut
886 1895 1056 1943 laudes
1091 1895 1292 1942 deorum
1324 1896 1657 1956 virorumque,
1698 1911 1819 1957 quos

131 1971 300 2031 priora
338 1973 564 2030 tempora
602 1970 838 2016 tulerunt.
881 1985 976 2031 quo
1004 1970 1214 2016 solvitur
1248 1970 1472 2030 quaestio
1506 1985 1655 2030 supra
1687 1972 1818 2017 trac-

64 2060 104 2091 25
129 2046 240 2090 tata
271 2044 688 2104 manifestumque
723 2046 795 2092 est
829 2060 990 2091 errare
1024 2059 1119 2104 eos,
1153 2045 1240 2105 qui
1269 2060 1538 2104 numquam
1573 2046 1817 2091 oratorem

133 2117 380 2165 dicturum
418 2117 516 2164 nisi
556 2118 614 2164 de
652 2134 705 2165 re
746 2118 898 2165 dubia
936 2120 1251 2180 putaverunt.
1305 2134 1368 2164 an
1406 2117 1576 2165 laudes
1619 2117 1814 2179 Capito-

131 2191 224 2238 lini
261 2192 410 2250 Iovis,
449 2194 691 2253 perpetua
732 2194 859 2239 sacri
907 2191 1189 2239 certaminis
1235 2192 1467 2252 materia,
1513 2193 1594 2239 vel
1641 2192 1817 2240 dubiae

133 2268 248 2313 sunt
286 2267 366 2313 vel
403 2282 504 2314 non
544 2268 760 2314 oratorio
802 2283 977 2329 genere
1017 2264 1335 2313 tractantur?

243 2340 313 2387 Ut
353 2340 599 2388 desiderat
640 2342 808 2387 autem
838 2341 965 2399 laus,
1006 2357 1131 2401 quae
1164 2341 1375 2403 negotiis
1403 2340 1677 2401 adhibetur,
1709 2357 1819 2402 pro-

70 2430 111 2461 30
134 2413 401 2474 bationem,
453 2416 523 2461 sic
571 2416 723 2461 etiam
775 2415 879 2473 illa,
936 2431 1062 2476 quae
1116 2415 1438 2462 ostentationi
1493 2416 1818 2476 componitur,

130 2487 281 2536 habet
317 2489 518 2535 interim
544 2488 765 2549 aliquam
806 2491 1016 2550 speciem
1055 2489 1376 2550 probationis,
1415 2491 1486 2549 ut,
1521 2490 1604 2550 qui
1632 2489 1815 2536 Romu-

130 2562 236 2609 lum
288 2562 464 2609 Martis
518 2562 677 2609 filium
725 2563 1084 2624 educatumque
1137 2579 1165 2609 a
1211 2564 1329 2624 lupa
1377 2563 1523 2622 dicat,
1573 2564 1625 2609 in
1674 2579 1818 2625 argu-

131 2638 352 2682 mentum
392 2637 615 2684 caelestis
657 2638 792 2684 ortus
831 2639 1002 2684 utatur
1040 2638 1133 2697 his,
1180 2637 1312 2698 quod
1353 2637 1571 2685 abiectus
1617 2640 1670 2683 in
1707 2653 1819 2698 pro-

132 2710 365 2757 fluentem
405 2727 504 2757 non
544 2712 766 2772 potuerit
805 2712 1042 2774 extingui,
1084 2712 1214 2772 quod
1255 2713 1420 2759 omnia
1453 2714 1522 2759 sic
1555 2713 1725 2774 egerit,
1764 2713 1821 2757 ut

67 2799 108 2831 35
134 2786 357 2847 genitum
394 2785 621 2846 praeside
659 2785 902 2833 bellorum
936 2786 1024 2832 deo
1057 2785 1344 2832 incredibile
1375 2802 1473 2832 non
1508 2788 1647 2846 esset,
1691 2785 1821 2846 quod

255 2899 308 2937 10
341 2897 392 2949 cf
417 2896 545 2940 Rhet.
571 2911 609 2952 p
642 2901 755 2939 1358
787 2897 818 2940 b
852 2901 877 2939 2

1909 1226 1940 1268 {Q
