2055 3130
155 502 216 545 13

158 1013 219 1057 14

163 2116 223 2160 16

243 70 273 120 3
284 70 353 120 {34
739 67 1112 120 QVINTILIANI
1141 68 1290 111 INST.
1326 67 1417 111 ΟΒ.

241 211 416 268 minus,
473 211 528 255 ut
575 224 713 255 amor
758 207 937 266 πάθος,
992 209 1170 255 caritas
1224 198 1366 268 ἦθος,
1420 207 1666 253 interdum
1718 207 1912 254 diversa

241 283 370 329 inter
408 297 472 340 se,
523 283 649 328 sicut
686 283 738 327 in
787 282 1013 344 epilogis,
1069 296 1182 327 nam
1238 295 1361 340 quae
1415 278 1578 337 πάθος
1632 281 1911 341 concitavit,

244 349 371 417 ἦθος
422 355 546 402 solet
592 355 836 417 mitigare.
884 355 1080 415 proprie
1131 356 1297 400 tamen
1342 353 1465 400 mihi
1510 353 1654 400 huius
1701 353 1911 400 nominis

243 428 555 489 exprimenda
595 430 772 474 natura
826 429 920 486 est,
974 431 1214 488 quatenus
1269 426 1599 486 appellatione
1652 428 1761 487 ipsa
1815 441 1912 473 non

243 503 362 549 satis
396 500 664 563 significari
702 501 910 547 videtur.
964 493 1105 562 ἦθος,
1147 500 1278 561 quod
1316 500 1646 561 intellegimus
1688 499 1911 560 quodque

245 590 273 621 a
313 574 584 620 dicentibus
625 573 970 632 desideramus,
1008 573 1061 620 id
1100 575 1207 633 erit,
1249 573 1378 634 quod
1418 576 1531 619 ante
1571 574 1736 620 omnia
1774 573 1912 619 boni-

243 650 344 694 tate
386 647 819 705 commendabitur,
874 663 971 694 non
1019 647 1177 693 solum
1226 648 1345 693 mite
1402 662 1457 693 ac
1509 646 1774 707 placidum,
1829 645 1913 693 sed

241 722 528 781 plerumque
574 720 811 766 blandum
858 723 906 766 et
952 721 1222 766 humanum
1263 722 1311 766 et
1350 719 1662 766 audientibus
1703 719 1913 766 amabile

245 797 393 854 atque
433 794 714 851 iucundum,
753 794 803 839 in
845 809 942 854 quo
983 793 1295 854 exprimendo
1328 808 1517 840 summa
1548 794 1706 840 virtus
1739 809 1795 840 ea
1827 795 1914 852 est,

244 869 298 913 ut
336 867 484 913 fluere
525 869 689 914 omnia
729 883 785 913 ex
832 870 1008 914 natura
1054 883 1217 913 rerum
1262 867 1608 927 hominumque
1655 865 1915 912 videantur

248 944 396 1000 utque
435 956 591 987 mores
645 940 850 987 dicentis
900 957 955 986 ex
1011 941 1230 987 oratione
1278 940 1560 999 perluceant
1607 942 1656 986 et
1703 939 1914 1000 quodam

245 1014 389 1061 modo
431 1018 772 1077 agnoscantur.
815 1014 945 1074 quod
991 1017 1064 1060 est
1111 1015 1213 1060 sine
1263 1013 1408 1060 dubio
1457 1014 1586 1060 inter
1631 1015 1914 1060 coniunctas

244 1089 452 1134 maxime
492 1103 738 1147 personas,
779 1089 1004 1148 quotiens
1045 1088 1261 1145 ferimus,
1309 1088 1624 1149 ignoscimus,
1676 1087 1914 1134 satisfaci-

243 1177 366 1215 mus,
406 1176 672 1220 monemus,
712 1161 881 1221 procul
922 1161 982 1207 ab
1023 1162 1111 1218 ira,
1151 1161 1322 1221 procul
1362 1160 1421 1207 ab
1463 1160 1588 1207 odio.
1629 1160 1711 1207 sed
1750 1163 1913 1206 tamen

245 1236 343 1281 alia
395 1236 550 1294 patris
614 1235 844 1281 adversus
907 1234 1083 1292 filium,
1138 1236 1315 1280 tutoris
1371 1233 1602 1280 adversus
1658 1233 1915 1294 pupillum,

246 1308 412 1355 mariti
453 1308 682 1355 adversus
722 1323 921 1354 uxorem
963 1307 1234 1354 moderatio
1276 1311 1348 1354 est
1380 1301 1456 1371 (hi
1481 1307 1609 1353 enim
1633 1307 1917 1368 praeferunt

246 1397 413 1428 eorum
454 1383 687 1442 ipsorum,
728 1397 755 1428 a
797 1381 970 1441 quibus
1003 1381 1278 1435 laeduntur,
1319 1382 1590 1438 caritatem,
1630 1395 1785 1440 neque
1819 1380 1916 1426 alio

246 1454 387 1502 modo
412 1456 594 1501 invisos
628 1471 706 1501 eos
740 1455 943 1513 faciunt,
985 1471 1131 1515 quam
1165 1453 1293 1515 quod
1327 1470 1489 1500 amare
1522 1454 1619 1514 ipsi
1651 1446 1916 1518 videntur),

247 1529 360 1587 alia,
407 1543 517 1574 cum
563 1544 707 1575 senex
762 1528 1086 1575 adulescentis
1142 1528 1291 1574 alieni
1345 1529 1633 1585 convicium,
1686 1527 1916 1574 honestus

246 1601 490 1648 inferioris
538 1602 654 1660 fert,
702 1602 779 1649 hic
828 1603 957 1648 enim
996 1604 1191 1648 tantum
1231 1601 1480 1659 concitari,
1519 1602 1603 1647 ille
1645 1602 1795 1647 etiam
1834 1599 1915 1646 ad-

248 1675 327 1722 fici
367 1675 521 1722 debet.
563 1679 677 1722 sunt
709 1678 758 1722 et
796 1676 884 1722 illa
924 1691 979 1722 ex
1019 1675 1186 1722 eadem
1219 1677 1410 1732 natura,
1451 1673 1534 1721 sed
1567 1678 1726 1722 motus
1761 1673 1917 1720 adhuc

245 1750 463 1807 minoris,
514 1751 708 1795 veniam
754 1753 918 1810 petere
976 1749 1350 1807 adulescentiae,
1405 1748 1659 1794 defendere
1716 1762 1914 1794 amores.

247 1838 611 1883 nonnumquam
663 1822 813 1868 etiam
866 1823 988 1869 lenis
1045 1823 1219 1869 caloris
1272 1822 1420 1869 alieni
1475 1821 1660 1869 derisus
1716 1837 1774 1867 ex
1826 1821 1916 1867 hac

247 1897 403 1943 forma
443 1896 590 1954 venit,
631 1896 712 1943 sed
753 1898 794 1943 is
835 1912 931 1943 non
973 1912 1028 1942 ex
1060 1897 1178 1942 iocis
1211 1899 1421 1942 tantum.
1462 1912 1629 1942 verum
1662 1896 1916 1955 aliquanto

247 1972 403 2031 magis
442 1971 642 2031 propria
690 1974 802 2016 sunt
842 1972 1024 2016 virtute
1065 1970 1415 2027 simulationes,
1464 1968 1797 2016 satisfaciendi
1841 1983 1916 2014 ro·
1943 1988 1961 2017 2

248 2043 397 2105 gandi
437 2042 669 2105 εἰρωνεία,
712 2059 834 2104 quae
875 2043 1120 2090 diversum
1160 2044 1218 2101 ei,
1259 2043 1386 2103 quod
1427 2043 1567 2101 dicit,
1614 2042 1919 2089 intellectum

251 2118 388 2178 petit.
429 2116 541 2164 hinc
582 2117 730 2163 etiam
771 2117 853 2163 ille
893 2119 1051 2164 maior
1090 2116 1152 2163 ad
1192 2116 1533 2163 concitandum
1574 2116 1739 2163 odium
1784 2116 1920 2162 nasci

249 2190 468 2237 adfectus
509 2191 647 2248 solet,
693 2205 802 2237 cuin
841 2191 930 2237 hoc
969 2192 1092 2251 ipso,
1149 2190 1278 2250 quod
1325 2206 1411 2237 nos
1459 2190 1752 2237 adversariis
1791 2205 1917 2236 sum-

248 2265 505 2322 mittimus,
544 2264 853 2325 intellegitur
891 2266 1045 2311 tacita
1076 2266 1379 2324 inpotentiae
1421 2263 1743 2324 exprobratio.
1783 2279 1918 2309 nam-

251 2354 342 2398 que
384 2352 463 2384 eos
503 2339 666 2399 gravis
708 2342 754 2384 et
793 2337 1126 2384 intolerabiles
1166 2337 1215 2383 id
1248 2339 1409 2398 ipsum
1434 2337 1748 2395 demonstrat,
1790 2335 1919 2397 quod

370 2570 393 2607 5
428 2565 680 2621 significari
712 2565 792 2608 1²²:
842 2566 1101 2622 significare
1135 2566 1365 2607 AGPWJ!
1499 2571 1548 2607 11
1584 2568 1727 2620 utque
1752 2565 1920 2608 Halm:

252 2638 339 2678 que
372 2632 407 2665 A
441 2638 557 2678 quae
594 2633 628 2666 G
660 2638 749 2679 quo
782 2632 898 2666 αΡΓ
924 2639 989 2668 om
1026 2632 1078 2666 J!
1224 2629 1277 2667 20
1310 2624 1389 2666 ille
1429 2624 1674 2681 Spaldiny:
1705 2623 1802 2667 illic

253 2687 308 2725 24
340 2682 378 2725 is
411 2697 502 2726 non
534 2697 588 2726 ex
620 2683 733 2725 iocis
766 2684 930 2726 Halm:
961 2683 1033 2725 his
1066 2697 1158 2726 non
1191 2696 1243 2725 ex
1277 2683 1389 2726 locis
1414 2691 1491 2725 AG
1515 2697 1606 2726 non
1632 2682 1783 2730 his,ex
1806 2682 1919 2725 locis

252 2749 295 2783 P
321 2741 393 2783 his
426 2755 462 2784 e.
496 2741 524 2784 l.
558 2757 600 2783 n.
642 2750 674 2783 1·
699 2757 741 2784 11.
776 2756 812 2784 6.
847 2743 888 2784 h.
923 2742 951 2784 1.
987 2750 1038 2784 J!
1154 2747 1207 2785 25
1242 2745 1348 2784 sunt
1379 2742 1546 2784 virtute
1579 2741 1918 2798 simulationes]

252 2803 359 2842 sunt
396 2800 580 2843 virtutis
624 2800 932 2844 simulationis
967 2809 1049 2842 Pr
1090 2801 1177 2844 fuit
1222 2802 1406 2843 virtutis
1454 2800 1739 2844 simulationi
1762 2808 1800 2842 A
1831 2800 1921 2842 fuit

251 2859 394 2902 virtus
428 2859 735 2902 simulationis
770 2861 871 2915 (sic)
906 2867 984 2910 My

1939 886 1980 916 10

1941 1253 1981 1284 15

1942 1620 1983 1650 20

1943 2354 1985 2385 30
