2055 3130
741 68 816 112 IV.
852 74 892 123 2,
919 73 1135 112 91—103.
1343 68 1350 75 '
1673 70 1779 120 217

97 210 186 257 illa
221 210 578 258 controversia:
637 206 777 255 ‘uxor
822 209 1002 255 marito
1059 209 1198 268 dixit,
1255 209 1560 270 appellatam
1616 224 1664 256 se
1721 209 1779 255 de
1839 209 1905 253 98

99 288 271 345 stupro
313 300 341 330 a
379 286 608 346 privigno
651 286 699 329 et
746 283 839 329 sibi
888 284 1213 329 constitutum
1258 285 1454 344 tempus
1503 285 1551 329 et
1598 283 1780 329 ]ocum:

99 359 269 404 eadem
311 360 481 404 contra
519 357 650 403 filius
691 356 869 403 detulit
909 356 967 402 de
1007 371 1232 415 noverca,
1272 356 1402 403 edito
1443 359 1640 402 tantum
1684 357 1781 402 alio

97 440 317 492 tempore
358 447 413 478 ac
463 432 593 478 loco:
647 433 790 490 pater
843 431 896 476 in
944 446 1022 488 eo,
1078 446 1221 491 quem
1276 446 1400 476 uxor
1455 430 1782 491 praedixerat,

54 524 74 553 5
98 505 256 551 filium
294 506 499 563 invenit,
538 504 590 551 in
632 520 701 563 eo,
744 519 889 564 quem
927 503 1072 562 filius,
1112 519 1334 551 uxorem:
1374 505 1515 551 illam
1554 503 1783 564 repudia-

31 892 73 922 10

33 1632 75 1663 20

35 2372 77 2404 30

98 581 194 626 vit:
234 594 330 640 qua
369 580 563 625 tacente
602 578 761 624 filium
802 574 1032 625 abdicat'.
1074 578 1202 623 nihil
1243 577 1338 625 dici
1377 580 1542 639 potest
1581 593 1669 638 pro
1709 579 1783 624 iu-
1840 577 1908 620 99

98 668 233 712 vene,
274 652 406 713 quod
443 668 542 699 non
592 652 725 699 idem
773 652 836 698 sit
889 668 978 712 pro
1033 667 1266 711 noverca,
1314 655 1564 713 ponentur
1616 654 1785 698 tamen

98 728 248 773 etiam
302 726 597 786 communia,
673 725 846 772 deinde
918 742 974 773 ex
1043 741 1365 787 personarum
1432 725 1784 786 conparatione

99 804 147 847 et
185 800 357 847 indicii
398 800 566 846 ordine
608 803 656 846 et
696 800 891 846 silentio
931 800 1221 860 repudiatae
1274 803 1567 862 argumenta
1607 800 1783 846 ducen-

98 878 192 920 tur.
232 890 293 920 ne
331 874 457 920 illud
498 874 698 934 quidem
738 874 966 935 ignorare
1006 876 1215 934 oportet,
1257 874 1499 935 quaedam
1531 889 1632 922 esse
1659 889 1783 934 quae
1809 873 1910 917 100

99 948 312 995 colorem
350 963 448 995 non
487 949 745 1008 recipiant,
787 948 870 994 sed
909 950 1105 995 tantum
1139 948 1443 995 defendenda
1469 949 1583 1006 sint,
1624 947 1786 1009 qualis

100 1024 173 1069 est
211 1022 296 1069 ille
338 1021 488 1081 dives,
530 1023 615 1083 qui
655 1025 875 1069 statuam
914 1022 1145 1082 pauperis
1184 1021 1374 1069 inimici
1414 1022 1625 1084 flagellis
1667 1022 1786 1069 ceci-

99 1096 173 1142 dit
213 1098 262 1142 et
299 1112 410 1143 reus
460 1098 534 1143 est
579 1096 895 1142 iniuriarum:
942 1112 1057 1142 nam
1105 1096 1295 1143 factum
1352 1098 1454 1143 eius
1509 1096 1787 1144 modestum

100 1185 202 1218 esse
243 1186 385 1216 nemo
427 1170 619 1229 dixerit,
659 1171 868 1217 fortasse
908 1172 965 1217 ut
1004 1172 1070 1218 sit
1107 1172 1272 1217 tutum
1313 1170 1570 1232 optinebit.

211 1243 352 1299 Quod
392 1244 432 1291 si
471 1260 586 1305 pars
628 1244 948 1304 expositionis
988 1261 1077 1305 pro
1118 1245 1274 1303 nobis,
1329 1260 1443 1305 pars
1485 1247 1656 1291 contra
1696 1260 1783 1292 nos
1810 1244 1906 1288 101

100 1319 207 1377 erit,
246 1319 496 1365 miscenda
538 1318 603 1365 sit
643 1334 706 1364 an
738 1318 1011 1378 separanda
1051 1319 1285 1379 narratio,
1327 1334 1437 1365 cum
1468 1320 1578 1379 ipsa
1612 1333 1786 1365 causae

101 1393 383 1440 condicione
447 1392 818 1439 deliberandum
881 1395 968 1440 est.
1035 1408 1151 1440 nam
1202 1394 1244 1440 si
1289 1393 1436 1454 plura
1492 1396 1607 1440 sunt
1662 1408 1786 1453 quae

98 1469 290 1529 nocent,
340 1482 465 1527 quae
504 1470 712 1528 prosunt
752 1467 1032 1514 obruentur.
1073 1467 1243 1528 itaque
1282 1469 1403 1514 tunc
1443 1467 1662 1514 dividere
1703 1482 1787 1528 op-

99 1542 278 1587 timum
318 1542 424 1600 erit,
467 1543 515 1588 et
553 1541 628 1600 iis,
670 1557 795 1601 quae
835 1544 1028 1601 partem
1068 1544 1290 1588 nostra-m
1340 1541 1659 1602 adiuva-bunt,
1708 1557 1786 1587 ex-

99 1616 275 1677 positis
318 1618 366 1662 et
420 1614 719 1662 confirmatis
773 1615 1003 1663 adversus
1056 1617 1249 1676 reliqua
1301 1618 1378 1662 uti
1427 1616 1672 1676 remediis,
1727 1615 1785 1661 de

100 1689 276 1750 quibus
317 1704 467 1749 supra
509 1689 694 1736 dictum
747 1694 832 1736 est.
876 1689 916 1736 si
955 1690 1101 1751 plura
1139 1689 1425 1750 proderunt,
1474 1690 1626 1736 etiam
1673 1705 1783 1737 con·
1811 1688 1911 1733 102

99 1764 302 1826 iungere
340 1763 510 1810 licebit
552 1779 675 1824 quae
717 1763 930 1823 obstant,
985 1766 1041 1809 ut
1079 1765 1132 1810 in
1178 1764 1352 1812 mediis
1406 1764 1543 1810 velut
1591 1765 1786 1811 auxiliis

99 1839 281 1884 nostris
331 1838 496 1898 posita
545 1839 708 1885 minus
762 1838 981 1884 habeant
1033 1838 1231 1885 virium.
1288 1854 1412 1899 quae
1467 1840 1635 1885 tamen
1689 1843 1802 1884 non'

101 1914 244 1958 erunt
281 1911 417 1958 nuda
455 1912 696 1972 ponenda,
746 1912 830 1958 sed
869 1914 926 1958 ut
965 1915 1014 1959 et
1052 1914 1222 1959 nostra
1263 1912 1432 1973 aliqua
1473 1915 1786 1974 argumenta-

34 2002 72 2032 2⁷
100 1987 236 2033 tione
275 1985 539 2045 firmemus,
581 1990 627 2032 et
669 1986 859 2032 diversa
902 2001 988 2033 cur
1028 1986 1281 2033 credibilia
1320 2002 1419 2033 non
1466 1988 1565 2034 sint
1606 1987 1787 2034 adicia-

100 2075 223 2120 mus,
249 2060 380 2121 quia,
406 2059 502 2107 nisi
534 2060 916 2119 distinxerimus,
956 2061 1225 2107 verendum
1250 2063 1337 2123 est,
1370 2077 1431 2107 ne
1462 2060 1592 2107 bona.
1617 2063 1788 2108 nostra

99 2135 356 2195 permixtis
395 2134 538 2181 malis
577 2134 911 2195 inquinentur.

210 2208 307 2255 ma
345 2224 540 2269 quoque
581 2208 638 2254 de
678 2208 963 2255 narratione
1002 2208 1222 2270 praecipi
1262 2210 1435 2268 solent,
1482 2225 1542 2256 ne
1591 2224 1689 2269 qua
1729 2224 1786 2254 ex
1811 2207 1912 2252 103

102 2298 158 2329 ea
197 2281 287 2330 fiat
326 2284 561 2341 excursio,
608 2298 668 2329 ne
711 2284 968 2330 avertatur
1008 2299 1036 2329 a
1074 2283 1235 2330 iudice
1277 2299 1450 2342 sermo,
1499 2299 1559 2330 ne
1600 2283 1790 2330 alienae

101 2372 340 2417 personae
365 2371 535 2403 vocem
567 2356 752 2417 demus,
784 2373 844 2403 ne
879 2360 1301 2420 argumentemur3
1335 2357 1557 2404 adiciunt
1589 2357 1791 2418 quidam

102 2431 266 2489 etiam,
305 2446 365 2476 ne
406 2432 606 2478 utamur
645 2430 940 2478 adfectibus:
996 2447 1205 2493 quorum
1250 2432 1486 2493 pleraque
1535 2434 1648 2478 sunt
1696 2432 1790 2478 fre-

223 2605 275 2642 11
311 2600 360 2643 cf
388 2600 563 2657 Corpus
595 2601 709 2644 iuris
742 2600 846 2658 Dig.
882 2601 1136 2644 XXXXVH
1172 2606 1239 2657 10,
1274 2606 1328 2644 27

223 2768 247 2804 5
280 2763 520 2806 inventum
551 2771 589 2804 A
719 2767 772 2806 13
809 2767 854 2807 et
887 2779 957 2808 om
988 2772 1077 2806 BP
1212 2768 1266 2806 18
1299 2763 1559 2807 obruuntur
1589 2772 1626 2805 A

106 2826 158 2864 19
192 2824 400 2864 nostram
431 2837 500 2866 om
531 2831 577 2865 B
764 2827 817 2866 22
850 2826 905 2866 ut
936 2837 1054 2877 quae
1087 2824 1276 2867 obstant
1306 2824 1355 2866 in
1385 2824 1552 2866 mediis
1585 2832 1622 2864 A
1671 2836 1791 2878 quae

104 2881 294 2924 obstant
323 2883 378 2923 ut
408 2882 456 2924 in
488 2882 641 2924 medio
675 2890 719 2923 P
748 2896 866 2936 quae
899 2883 1089 2926 obsta-nt
1121 2884 1215 2926 sint
1245 2883 1294 2925 in
1325 2883 1480 2926 medio
1511 2891 1557 2925 B
