2007 3120
42 889 83 920 10

648 60 682 103 Ι.
732 65 773 115 8,
809 65 995 104 12-21.
1045 65 1084 114 9,
1121 65 1247 103 1—3.
1727 60 1798 111 55

110 202 551 262 temptissimorum
590 201 847 247 hominum
886 201 1077 261 dixerit,
1120 203 1205 247 aut
1236 202 1419 247 nimiae
1451 202 1679 247 miseriae
1713 202 1801 246 aut

110 277 273 323 inanis
305 276 574 322 iactantiae
607 277 681 322 est
714 277 764 322 et
795 275 984 322 detinet
1016 276 1164 335 atque
1197 274 1363 322 obruit
1393 275 1594 338 ingenia
1624 275 1800 321 melius

111 351 222 397 aliis
277 351 527 396 vacatura.
597 365 712 396 nam
770 350 855 409 qui
909 350 1068 395 omnis
1116 350 1266 395 etiam
1313 348 1544 411 indignas
1590 349 1801 395 lectione
1828 349 1889 392 19

112 424 272 471 scidas
312 423 511 483 excutit,
559 423 772 470 anilibus
822 438 1015 484 quoque
1054 422 1236 470 fabulis
1279 422 1647 470 accommodare
1687 437 1801 482 ope-

107 514 215 545 ram
267 499 453 557 potest:
518 498 659 558 atqui
711 497 848 558 pleni
914 499 1028 544 sunt
1086 499 1189 544 eius
1248 497 1384 544 modi
1436 496 1801 557 impedimentis

108 573 545 634 grammaticorum
593 573 936 618 commentarii
974 572 1057 617 vix
1096 571 1232 633 ipsis,
1281 571 1368 632 qui
1407 574 1802 632 composuerunt,

108 647 228 693 satis
261 647 380 693 noti.
429 662 544 692 nam
575 645 806 706 Didymo,
840 661 936 706 quo
969 661 1111 692 nemo
1143 646 1289 706 plura
1321 646 1534 706 scripsit,
1568 644 1803 692 accidisse
1828 649 1891 693 20

108 723 413 780 compertum
453 723 539 779 est,
578 723 648 780 ut,
689 736 800 767 cum
838 720 1074 767 historiae
1117 720 1311 767 cuidam
1349 723 1608 780 tamquam
1644 734 1803 766 vanae

107 796 421 857 repugnaret,
468 795 624 854 ipsius
671 795 975 855 proferretur
1020 793 1159 854 liber,
1217 795 1303 855 qui
1350 810 1458 841 eam
1505 793 1802 841 continebat.

108 869 240 929 quod
294 869 458 916 evenit
510 870 772 929 praecipue
828 868 880 914 in
935 869 1174 916 fabulosis
1220 883 1376 930 usque
1425 868 1488 915 ad
1523 867 1805 919 ,deridicula
1830 873 1890 917 21

108 942 376 1005 quaedam,
441 943 685 1003 quaedam
754 942 906 990 etiam
958 943 1216 1004 pudenda,
1270 943 1400 990 unde
1454 941 1803 1003 inprobissimo

109 1018 284 1078 cuique
332 1017 571 1078 pleraque
618 1017 837 1080 fingendi
881 1018 1086 1065 licentia
1134 1019 1228 1077 est,
1286 1017 1407 1064 adeo
1453 1020 1510 1063 ut
1558 1017 1616 1064 de
1663 1016 1804 1063 libris

107 1091 227 1139 totis
279 1095 328 1138 et
380 1091 679 1151 auctoribus,
733 1094 790 1138 ut
845 1094 1101 1152 succurrit,
1155 1093 1461 1138 mentiantur
1507 1093 1632 1151 tuto,
1688 1091 1805 1152 quia

106 1166 321 1213 inveniri
369 1166 455 1226 qui
501 1182 771 1227 numquam
817 1167 953 1213 fuere
1000 1182 1099 1213 non
1147 1168 1374 1227 possunt:
1429 1182 1546 1213 nam
1584 1167 1636 1212 in
1676 1164 1804 1211 noti-

69 1265 86 1296 5
113 1239 277 1288 oribus
309 1241 706 1300 frequentissime
740 1241 1108 1302 deprenduntur
1140 1257 1169 1287 a
1201 1241 1419 1287 curiosis.
1462 1256 1518 1287 ex
1554 1255 1648 1301 quo
1682 1239 1807 1286 mihi

115 1314 246 1361 inter
283 1317 493 1362 virtutes
534 1316 848 1377 grammatici
884 1315 1147 1362 habebitur
1186 1315 1356 1376 aliqua
1395 1315 1595 1362 nescire.

561 1442 659 1499 [DE
694 1441 924 1485 OFFICIO
959 1440 1380 1498 GRAMMATICI]

224 1537 308 1584 IX.
363 1538 429 1585 Et
474 1537 644 1584 finitae
692 1539 892 1599 quidem
938 1541 1053 1586 sunt
1098 1542 1264 1600 partes
1313 1538 1458 1597 duae,
1512 1551 1634 1597 quas
1685 1537 1807 1582 hacc

112 1612 352 1674 professio
406 1613 683 1673 pollicetur,
737 1613 790 1659 id
844 1615 918 1660 est
972 1612 1100 1660 ratio
1155 1611 1390 1674 loquendi
1446 1613 1493 1657 et
1557 1611 1805 1657 enarratio

43 1713 60 1732 υ
110 1688 378 1747 auctorum,
432 1703 641 1747 quarum
678 1687 819 1734 illam
857 1688 1258 1747 methodicen,
1306 1687 1433 1733 hanc
1471 1687 1807 1733 historicen

108 1763 300 1808 vocant.
374 1761 645 1809 adiciamus
693 1764 862 1808 tamen
910 1778 1077 1809 eorum
1126 1777 1270 1808 curae
1321 1761 1564 1822 quaedam
1612 1759 1808 1806 dicendi

107 1835 394 1897 primordia,
443 1835 619 1896 quibus
668 1838 856 1883 aetates
897 1837 1115 1883 nondum
1160 1837 1407 1883 rhetorem
1454 1834 1693 1895 capientis
1733 1834 1806 1879 in-

109 1911 333 1958 stituant.
372 1910 528 1974 igitur
566 1910 787 1972 Aesopi
825 1910 1109 1970 fabellas,
1151 1927 1275 1971 quae
1315 1910 1496 1957 fabulis
1536 1908 1805 1955 nutricula·
1833 1915 1861 1959 2

109 2002 220 2031 rum
257 1986 479 2046 proxime
519 1985 799 2045 succedunt,
839 2001 1042 2032 narrare
1083 2000 1304 2033 sermone
1343 2000 1468 2045 puro
1510 1986 1560 2030 et
1598 1983 1724 2029 nihil
1757 1997 1806 2029 se

44 2084 84 2115 25
112 2074 263 2120 supra
301 2060 502 2106 modum
543 2060 823 2121 extollente,
864 2060 1038 2107 deinde
1080 2059 1285 2107 eandem
1326 2058 1660 2122 gracilitatem
1692 2057 1806 2105 stilo

111 2133 302 2196 exigere
359 2134 665 2181 condiscant:
729 2149 894 2181 versus
948 2134 1108 2196 primo
1165 2134 1380 2193 solvere,
1435 2148 1548 2179 mox
1601 2133 1806 2178 mutatis

109 2208 273 2255 verbis
313 2208 652 2269 interpretari,
700 2211 806 2255 tum
846 2208 1140 2271 paraphrasi
1181 2209 1416 2255 audacius
1455 2209 1661 2267 vertere,
1710 2221 1808 2267 qua

111 2285 159 2329 et
197 2281 423 2330 breviare
465 2284 707 2344 quaedam
747 2286 795 2330 et
837 2299 1071 2331 exornare
1104 2284 1241 2330 salvo
1274 2282 1420 2330 modo
1452 2284 1627 2343 poetae
1663 2296 1809 2328 sensu

111 2357 430 2416 permittitur.
502 2358 634 2419 quod
681 2373 818 2418 opus,
866 2359 1017 2405 etiam
1058 2358 1409 2405 consummatis
1449 2355 1807 2417 professoribus
1833 2361 1863 2405 3

45 2457 63 2487 ς,
113 2430 331 2492 difficile,
395 2433 479 2493 qui
541 2432 792 2479 commode
853 2434 1161 2491 tractaverit,
1224 2433 1512 2492 cuicumque
1576 2429 1805 2477 discendo

113 2504 337 2554 sufficiet.
402 2508 742 2554 sententiae
791 2523 986 2568 quoque
1035 2508 1084 2554 et
1131 2506 1332 2553 chriae
1373 2508 1422 2553 et
1461 2505 1806 2566 ethologiae

114 2579 347 2627 subiectis
381 2580 625 2628 dictorum
656 2581 932 2628 rationibus
968 2581 1100 2641 apud
1132 2581 1480 2644 grammaticos
1515 2578 1807 2637 scribantur,

113 2654 232 2714 quia
271 2654 472 2701 initium
513 2671 569 2702 ex
609 2656 818 2702 lectione
859 2656 1066 2703 ducunt:
1123 2671 1332 2716 quorum
1371 2655 1591 2701 omnium
1631 2653 1806 2700 similis

233 2830 258 2867 5
292 2826 390 2868 eius
422 2834 527 2869 BP:
561 2827 699 2869 huius
731 2835 769 2868 A
893 2831 916 2869 7
952 2840 1137 2882 quoque
1169 2841 1260 2882 quo
1287 2835 1323 2868 Α
1447 2830 1501 2868 20
1534 2825 1674 2881 hanc]
1711 2823 1806 2875 alii,

115 2883 198 2926 alii
231 2885 338 2928 Keil
460 2891 514 2928 33
549 2889 595 2929 et
627 2901 682 2930 ex
715 2895 760 2929 B
