2007 3120
170 71 251 122 64
676 63 1049 118 QVINTILIANI
1078 62 1228 106 INST.
1263 61 1356 105 ΟΒ.

172 210 416 270 quattuor
454 207 596 252 lineis
636 219 778 250 areae
809 203 1012 250 faciunt.
1051 201 1104 248 id
1135 203 1177 247 si
1209 202 1492 261 computare
1525 216 1670 261 quem
1699 199 1852 262 piget,

175 280 481 329 brevioribus
527 279 741 325 numeris
787 276 917 322 idem
963 275 1133 322 discat.
1195 289 1310 320 nam
1357 273 1471 320 deni
1514 275 1567 319 in
1614 273 1852 333 quadram

177 354 325 416 pedes
374 352 705 414 quadraginta
751 365 838 411 per
883 365 1034 408 oram,
1079 349 1211 394 intra
1258 350 1451 393 centum
1500 348 1657 393 erunt.
1720 348 1773 392 at
1810 346 1853 392 si

179 428 322 488 quini
367 426 479 473 deni
525 440 612 486 per
657 425 828 477 latera,
876 422 1016 483 quini
1052 422 1104 467 in
1142 421 1302 466 fronte
1341 420 1453 479 sint,
1499 435 1556 466 ex
1594 419 1682 466 illo
1723 419 1853 480 quod

82 501 155 546 44
180 501 545 562 amplectuntur
598 500 826 558 quartam
879 495 1120 541 deducent
1173 493 1341 540 eodem
1396 492 1741 539 circumductu.
1810 493 1853 539 si
1900 511 1918 542 5

180 590 296 620 vero
349 571 561 634 porrecti
610 571 856 630 utrimque
906 568 1197 614 undeviceni
1246 566 1454 628 singulis
1504 566 1702 625 distent,
1755 579 1854 611 non

178 648 345 708 plures
377 646 510 692 intus
544 643 812 704 quadratos
844 641 1107 699 habebunt,
1147 655 1295 701 quam
1326 655 1413 700 per
1445 641 1564 700 quot
1593 637 1853 700 longitudo

180 721 406 766 ducetur:
446 733 570 779 quae
609 715 887 763 circumibit
926 718 1089 761 autem
1127 714 1273 772 linea,
1312 712 1525 759 eiusdem
1565 713 1717 772 spatii
1747 712 1855 770 erit,
1941 749 1946 752 .

180 795 319 840 cuius
360 808 431 854 ea,
473 806 596 852 quae
637 791 833 836 centum
872 789 1104 834 continet.
1142 789 1215 833 ita
1246 786 1486 847 quidquid
1517 786 1704 832 formae
1736 800 1855 845 qua-

85 867 155 912 45
181 867 315 913 drati
362 863 642 923 detraxeris,
692 861 1009 922 amplitudini
1056 875 1247 921 quoque
1294 859 1488 920 peribit.
1551 873 1665 920 ergo
1706 858 1855 904 etiam

180 940 233 985 id
280 939 387 985 fieri
432 940 608 998 potest,
655 939 711 982 ut
757 937 942 982 maiore
990 935 1197 981 circuitu
1242 934 1402 979 minor
1446 933 1543 979 1001
1582 931 1854 992 amplitudo

181 1013 420 1060 cludatur.
461 1012 579 1058 haec
603 1010 655 1056 in
685 1009 868 1070 planis,
909 1024 1024 1054 nam
1054 1009 1106 1054 in
1139 1006 1344 1053 collibus
1375 1005 1684 1065 vallibusque
1708 1005 1857 1051 etiam

85 1088 157 1133 46
183 1085 415 1147 imperito
462 1087 602 1145 patet
647 1083 758 1143 plus
806 1083 900 1128 soli
946 1096 1047 1128 esse
1094 1096 1242 1142 quam
1281 1079 1416 1126 caeli.
1479 1078 1598 1140 quid
1639 1078 1770 1139 quod
1808 1092 1856 1124 50

183 1160 355 1207 eadem
394 1158 662 1220 geometria
701 1156 837 1204 tollit
870 1155 930 1202 ad
961 1156 1203 1202 rationem
1234 1168 1386 1213 usque
1418 1150 1623 1199 mundi?
1660 1153 1712 1198 in
1744 1166 1858 1212 qua,

182 1248 295 1280 cum
342 1232 563 1279 siderum¹
602 1233 759 1277 certos
807 1230 1194 1288 constitutosque
1243 1241 1409 1274 cursus
1448 1226 1663 1272 numeris
1703 1225 1857 1282 docet,

182 1306 414 1353 discimus
469 1305 594 1350 nihil
648 1319 750 1350 esse
804 1303 1137 1348 inordinatum
1192 1304 1338 1361 atque
1391 1300 1672 1346 fortuitum:
1727 1297 1860 1358 quod

85 1382 155 1427 47
183 1382 351 1440 ipsum
382 1392 749 1437 nonnumquam
779 1377 1023 1436 pertinere
1057 1375 1120 1421 ad
1151 1377 1393 1420 oratorem
1425 1375 1601 1433 potest.
1643 1387 1705 1418 an
1728 1386 1859 1430 vero,

183 1468 297 1500 cum
341 1451 554 1498 Pericles
594 1450 914 1496 Athenienses
962 1449 1077 1496 solis
1125 1447 1462 1494 obscuratione
1507 1446 1707 1492 territos
1752 1444 1859 1491 red-

183 1527 301 1573 ditis
353 1527 456 1571 eius
505 1526 577 1570 rei
627 1525 785 1570 causis
839 1526 972 1568 metu
1021 1521 1265 1578 liberavit,
1321 1524 1405 1567 aut
1455 1535 1564 1566 cum
1612 1517 1858 1578 Sulpicius

183 1600 270 1646 ille
312 1597 482 1645 Gallus
521 1600 574 1643 in
614 1598 827 1644 exercitu
858 1596 910 1642 L.
945 1595 1089 1642 Pauli
1129 1595 1186 1641 de
1225 1594 1372 1640 lunae
1405 1593 1676 1640 defectione
1709 1591 1857 1638 disse·
1884 1610 1902 1640 ε

183 1675 299 1731 ruit,
333 1688 393 1719 ne
424 1672 558 1718 velut
589 1670 813 1732 prodigio
847 1669 1084 1715 divinitus
1116 1669 1247 1714 facto
1280 1668 1497 1713 militum
1528 1667 1680 1712 animi
1709 1667 1858 1711 terre-

88 1750 160 1796 48
185 1750 369 1803 rentur,
420 1761 516 1792 non
567 1743 762 1791 videtur
813 1758 915 1790 esse
964 1758 1081 1790 usus
1129 1742 1338 1788 oratoris
1387 1737 1579 1787 officio?
1641 1738 1773 1800 quod
1818 1739 1861 1785 si

185 1820 356 1866 Nicias
387 1820 439 1864 in
473 1817 642 1864 Sicilia
674 1819 857 1875 scisset,
895 1832 993 1862 non
1025 1815 1192 1862 eodem
1225 1814 1453 1861 confusus
1478 1815 1615 1859 metu
1638 1812 1860 1872 pulcher-

185 1894 366 1940 rimum
417 1892 791 1938 Atheniensium
845 1890 1108 1936 exercitum
1161 1887 1473 1948 perdidisset:
1535 1888 1662 1933 sicut
1716 1885 1860 1944 Dion,

189 1982 302 2013 cum
342 1966 405 2012 ad
445 1965 783 2012 destruendam
826 1963 1056 2023 Dionysii
1095 1960 1408 2022 tyrannidem
1454 1961 1603 2018 venit,
1649 1974 1747 2005 non
1787 1960 1860 2005 est
1885 1976 1902 2006 e

186 2041 281 2087 tali
319 2054 438 2101 casu
475 2038 749 2085 deterritus.
806 2038 904 2083 sint
943 2040 1079 2082 extra
1119 2037 1232 2082 licet
1264 2048 1379 2080 usus
1426 2034 1604 2094 bellici,
1642 2036 1860 2079 transea-

187 2128 407 2173 musque,
447 2112 577 2173 quod
600 2110 915 2157 Archimedes
939 2125 1064 2156 unus
1090 2108 1389 2156 obsidionem
1425 2106 1777 2167 Syracusarum
1809 2106 1862 2150 in

96 2187 384 2248 4910ngius
423 2187 596 2232 traxit:
648 2184 772 2230 illud
810 2185 980 2243 utique
1019 2185 1119 2228 iam
1158 2183 1412 2242 proprium
1452 2180 1514 2227 ad
1553 2178 1861 2226 efficiendum

189 2260 323 2321 quod
368 2259 681 2316 intendimus,
727 2259 965 2318 plurimas
1014 2257 1338 2317 quaestiones,
1389 2253 1565 2315 quibus
1613 2251 1863 2299 difficilior

190 2334 292 2380 alia
341 2332 532 2379 ratione
584 2331 844 2392 explicatio
896 2334 982 2388 est,
1037 2332 1095 2376 ut
1141 2329 1198 2374 de
1248 2329 1437 2375 ratione
1484 2326 1748 2384 dividendi,
1802 2325 1860 2371 de
1886 2342 1904 2373 3

190 2409 403 2454 sectione
437 2406 484 2451 in
518 2405 779 2463 infinitum,
821 2404 878 2450 de
911 2404 1161 2450 celeritate
1195 2401 1432 2463 augenda,
1465 2398 1730 2446 linearibus
1762 2398 1860 2444 illis

189 2479 564 2541 probationibus
604 2479 730 2526 solvi
769 2478 938 2537 solere,
985 2480 1054 2536 ut,
1103 2476 1145 2523 si
1184 2478 1257 2522 est
1296 2474 1493 2532 oratori,
1532 2472 1663 2534 quod
1701 2472 1861 2533 proxi-

190 2568 299 2600 mus
332 2552 687 2600 demonstrabit
717 2551 855 2610 liber,
895 2551 952 2597 de
985 2549 1209 2597 omnibus
1239 2548 1382 2595 rebus
1415 2546 1686 2603 dicendum,
1725 2544 1861 2591 nullo

192 2626 336 2673 modo
378 2628 479 2673 sine
519 2626 789 2688 geometria
829 2640 929 2671 esse
969 2624 1124 2684 possit
1163 2625 1339 2669 orator.

314 2800 338 2836 2
371 2794 599 2849 quadrum
633 2801 675 2835 Ρ
833 2798 886 2834 22
919 2792 1102 2835 videtui·
1143 2805 1252 2833 usus
1294 2803 1392 2833 esse
1423 2797 1459 2831 A
1521 2788 1735 2831 videntur
1764 2799 1863 2831 esse

190 2854 268 2896 usi
299 2861 331 2895 S
422 2857 476 2895 30
511 2851 749 2895 dividendi
783 2859 840 2893 P:
882 2851 1070 2894 videndi
1101 2858 1146 2892 B
1175 2848 1356 2892 vivendi
1388 2856 1424 2889 A
1515 2851 1568 2889 31
1601 2847 1651 2889 in
1680 2860 1751 2890 cm
1782 2853 1866 2887 AB

1881 877 1922 908 10

1882 1242 1922 1274 15
