2055 3130
28 917 68 947 10

29 1659 71 1689 20

31 2029 72 2061 25

34 2400 76 2432 30

743 90 819 135 m.
855 96 895 145 8,
931 95 1118 134 22—35.
1673 92 1777 144 169

91 234 280 293 turbae,
321 235 363 281 si
401 232 454 279 id
492 248 589 279 non
631 233 711 292 sit,
751 231 1069 291 conflictatio,
1121 233 1170 278 et
1208 231 1365 278 nihilo
1406 231 1568 278 minus
1610 232 1777 278 eadem

91 308 181 355 illa
228 307 420 369 religio,
475 322 586 354 cum
641 307 892 353 theatrum
945 305 1105 352 veluti
1160 305 1408 366 quoddam
1462 305 1598 352 illius
1654 307 1780 353 sacri

92 382 330 443 templum
372 380 671 428 vocabimus.
720 395 865 441 saepe
919 395 1034 426 vero
1091 382 1140 426 et
1186 379 1461 426 utilitatem
1510 379 1779 440 despicien-
1807 384 1873 427 30

92 455 205 502 dam
260 471 362 502 esse
419 455 643 514 dicimus,
699 457 756 501 ut
808 454 1017 501 honesta
1071 454 1333 501 faciamus:
1396 456 1453 500 ut
1515 469 1627 500 cum
1680 454 1780 500 illis

94 529 399 592 Opiterginis
433 529 605 575 damus
639 528 916 587 consilium,
956 543 1016 573 ne
1049 542 1099 574 se
1123 527 1346 574 hostibus
1373 526 1569 587 dedant,
1612 543 1780 588 quam—

96 619 244 664 quam
283 603 496 665 perituri
536 604 649 662 sint,
688 602 785 649 nisi
824 602 1042 648 fecerint.
1098 605 1145 648 et
1184 601 1331 648 utilia
1377 601 1596 649 honestis
1642 617 1782 663 prae-

92 678 310 738 ferimus,
351 679 408 724 ut
448 692 559 724 cum
598 676 873 736 suademus,
913 678 972 722 ut
993 675 1124 722 bello
1149 675 1334 723 Punico
1361 676 1490 723 servi
1517 677 1782 723 armentur.

92 751 177 800 sed
193 754 360 799 tamen
375 767 533 813 neque
549 750 629 797 hic
641 750 789 811 plane
808 749 1170 797 concedendum
1187 752 1262 798 est
1279 765 1383 797 esse
1399 750 1452 797 id
1467 749 1783 797 inhonestum
1809 752 1870 796 31

93 819 299 891 (liberos
339 826 469 873 enim
507 827 690 871 natura
730 825 888 871 omnis
937 826 986 870 et
1031 823 1187 870 isdem
1236 826 1462 871 constare
1514 824 1783 883 elementis,

95 903 145 946 et
183 900 394 947 fortasse
435 899 653 960 antiquis
695 899 843 945 etiam
886 898 1134 945 nobilibus
1177 900 1309 945 ortos
1349 898 1447 945 dici
1490 891 1695 963 potest),
1736 901 1785 945 et

92 974 212 1034 illic,
252 974 338 1021 ubi
383 974 702 1021 manifestum
748 972 1025 1033 periculum
1080 974 1167 1031 est,
1223 973 1516 1033 opponenda
1568 973 1683 1032 alia,
1729 975 1786 1019 ut

93 1047 338 1095 crudelius
395 1047 546 1094 etiam
600 1048 846 1108 perituros
904 1046 1231 1105 adfirmemus,
1289 1047 1330 1093 si
1386 1062 1436 1094 se
1492 1047 1784 1105 dediderint,

93 1122 195 1170 sive
234 1121 391 1169 hostis
430 1138 528 1169 non
570 1122 782 1169 servarit
819 1120 980 1181 fidem,
1035 1122 1138 1168 sive
1190 1119 1368 1168 Caesar
1414 1121 1604 1181 vicerit,
1654 1121 1784 1181 quod

94 1198 168 1245 est
205 1212 321 1244 vero
362 1196 587 1243 similius.
635 1196 758 1243 haec
798 1197 980 1255 autem,
1037 1211 1162 1256 quae
1202 1197 1399 1242 tantum
1437 1196 1568 1242 inter
1607 1210 1656 1242 se
1696 1212 1786 1256 pu-
1812 1197 1876 1240 32

50 1288 68 1318 5
95 1273 266 1334 gnant,
304 1270 597 1332 plerumque
635 1269 917 1317 nominibus
958 1269 1153 1316 deflecti
1191 1269 1364 1317 solent.
1404 1285 1520 1316 nam
1561 1271 1611 1317 et
1648 1269 1785 1316 utili-

94 1346 172 1392 tas
212 1345 321 1406 ipsa
361 1346 672 1408 expugnatur
711 1344 771 1390 ab
811 1344 888 1403 iis,
928 1345 1018 1405 qui
1057 1343 1228 1391 dicunt
1266 1360 1366 1391 non
1398 1345 1558 1391 solum
1589 1345 1788 1405 potiora

96 1435 198 1467 esse
238 1419 446 1466 honesta
487 1434 635 1479 quam
675 1418 837 1478 utilia,
877 1418 961 1466 sed
993 1434 1053 1465 ne
1085 1419 1238 1465 utilia
1271 1417 1470 1480 quidem
1503 1433 1621 1477 esse,
1661 1433 1788 1479 quae

94 1510 192 1540 non
233 1495 334 1540 sint
371 1493 599 1540 honesta:
653 1496 703 1540 et
742 1496 930 1553 contra,
972 1492 1101 1553 quod
1142 1508 1230 1540 nos
1269 1493 1546 1552 honestum,
1585 1493 1664 1539 illi
1702 1509 1786 1540 va-

94 1585 227 1628 num,
281 1567 613 1627 ambitiosum,
669 1567 901 1614 stolidum
949 1567 1110 1614 verbis
1168 1582 1317 1628 quam
1370 1583 1422 1614 re
1477 1566 1786 1628 probabilius

95 1644 289 1690 vocant.
331 1657 419 1689 nec
457 1643 659 1689 tantum
682 1640 944 1688 inutilibus
972 1643 1322 1702 comparantur
1344 1642 1508 1701 utilia,
1541 1641 1624 1689 sed
1656 1643 1788 1688 inter
1812 1642 1877 1686 33

97 1730 146 1763 se
187 1732 383 1777 quoque
423 1717 546 1777 ipsa,
585 1718 643 1762 ut
683 1716 724 1762 si
757 1731 813 1762 ex
848 1715 1040 1762 duobus
1075 1716 1330 1778 eligamus,
1370 1717 1423 1762 in
1457 1715 1628 1776 altero,
1669 1715 1788 1776 quid

97 1792 162 1837 sit
200 1791 375 1853 magis,
414 1791 467 1836 in
508 1791 680 1849 altero,
733 1789 852 1850 quid
892 1790 959 1837 sit
1011 1791 1187 1836 minus.
1245 1791 1422 1838 crescit
1465 1790 1558 1837 hoc
1606 1790 1787 1850 adhuc3

95 1880 211 1911 nam
250 1865 452 1912 interim
502 1864 723 1926 triplices
773 1865 926 1911 etiam
972 1865 1224 1911 suasoriae
1270 1864 1519 1924 incidunt,
1574 1867 1630 1910 ut
1677 1880 1788 1911 cum

97 1939 360 2001 Pompeius
401 1938 724 1997 deliberabat,
763 1937 974 1986 Parthos
1017 1954 1079 1985 an
1119 1938 1339 1986 Africam
1391 1955 1454 1986 an
1506 1938 1789 2001 Aegyptum

96 2015 300 2074 peteret.
340 2015 413 2060 it'a
452 2029 550 2060 non
589 2014 802 2072 tantum,
842 2015 1010 2059 utrum
1049 2012 1240 2073 melius,
1281 2012 1365 2060 sed
1405 2012 1522 2074 quid
1565 2015 1631 2060 sit
1663 2014 1789 2075 opti-

98 2104 248 2148 mum,
289 2088 559 2148 quaeritur,
598 2088 819 2148 itemque
860 2089 1044 2134 contra.
1093 2103 1181 2134 nec
1220 2103 1457 2148 umquam
1503 2087 1689 2134 incidet
1736 2088 1788 2133 in
1814 2086 1879 2131 34

99 2162 191 2209 hoc
231 2178 406 2225 genere
445 2162 684 2208 materiae
710 2161 960 2208 dubitatio
992 2161 1079 2220 rei,
1113 2177 1238 2222 quae
1270 2162 1488 2222 undique
1522 2161 1790 2209 secundum

99 2251 188 2283 nos
228 2237 312 2295 sit3
353 2252 468 2283 nam
509 2235 594 2282 ubi
633 2236 1015 2283 contradictioni
1054 2236 1190 2283 locus
1222 2252 1321 2283 non
1347 2238 1434 2294 est,
1476 2252 1601 2296 quae
1624 2238 1790 2297 potest

101 2325 203 2358 esse
243 2326 392 2358 causa
431 2308 727 2357 dubitandi?
781 2311 856 2357 ita
908 2309 1008 2357 fere
1060 2312 1218 2358 omnis
1266 2311 1490 2358 suasoria
1539 2310 1664 2358 nihil
1716 2313 1791 2358 est

103 2384 240 2431 aliud
297 2400 443 2445 quam
501 2385 822 2445 comparatio,
883 2384 1249 2445 videndumque
1306 2384 1427 2446 quid
1481 2386 1790 2432 consecuturi

102 2460 253 2506 simus
294 2461 344 2506 et
381 2474 468 2520 per
509 2458 641 2520 quid,
681 2461 739 2505 ut
778 2460 1033 2506 aestimari
1070 2459 1242 2520 possit,
1281 2460 1392 2520 plus
1431 2460 1485 2506 in
1526 2475 1603 2519 eo,
1658 2459 1790 2520 quod

101 2534 331 2594 petimus,
372 2534 438 2580 sit
477 2533 735 2592 commodi,
776 2549 839 2580 an
878 2548 994 2580 vero
1034 2535 1085 2580 in
1128 2549 1198 2593 e0,
1244 2549 1333 2594 per
1380 2533 1514 2594 quod
1560 2533 1789 2595 petimus,

101 2607 414 2654 incommodi.
457 2609 531 2654 est
569 2607 807 2654 utilitatis
849 2610 898 2654 et
935 2607 986 2653 in
1026 2610 1249 2668 tempore
1291 2609 1515 2668 quaestio
1559 2604 1788 2670 ‘expedit,
1815 2607 1878 2650 35

222 2797 246 2835 8
280 2794 438 2835 tamen
469 2808 539 2836 om
570 2801 607 2834 A
636 2796 641 2848 1
669 2793 719 2835 id
752 2807 821 2837 om
844 2801 882 2834 A
1006 2798 1059 2836 13
1093 2793 1250 2836 hostes
1282 2793 1339 2836 Τ2
1367 2794 1372 2849 Ι
1401 2793 1629 2837 servarint
1658 2801 1704 2835 Β

105 2857 159 2894 14
192 2852 280 2909 est]
315 2865 414 2895 esse
445 2860 492 2894 Β
520 2867 590 2896 om
622 2861 662 2894 T
779 2858 831 2895 21
868 2853 907 2895 si
940 2866 1010 2896 om
1042 2861 1088 2895 Β
1207 2858 1263 2896 24
1297 2852 1573 2896 deliberavit
1603 2861 1692 2894 BP

104 2916 158 2954 26
192 2911 399 2966 itemque
430 2919 489 2954 A:
522 2911 741 2966 idemque
773 2920 819 2954 B
847 2912 973 2955 idem
1006 2920 1050 2954 P
