1991 3120
766 61 1123 107 PRAEFATIO.
1727 62 1790 104 XI

99 198 236 270 sunt)
284 204 443 251 medio
499 219 621 251 aevo
679 219 736 250 ex
783 203 949 251 codice
995 202 1313 249 Ambrosiani
1364 203 1573 264 gemello
1627 218 1788 266 gram-

97 279 307 326 maticus
346 279 509 325 nescio
551 279 661 338 quis
702 277 1029 338 deprompsit:
1071 293 1179 324 eam
1217 292 1317 323 non
1353 276 1538 324 habent
1579 276 1788 324 auctori-

96 355 267 412 tatem,
307 367 456 413 quam
495 351 669 398 Victor
706 352 813 399 iure
853 351 1094 413 adrogare
1132 353 1308 412 potest.

208 426 436 487 Denique
478 425 774 481 Quintiliani
814 425 1004 473 codices
1045 427 1289 486 quotquot
1330 427 1525 471 exstant
1579 440 1636 472 ex
1689 441 1787 472 uno

99 501 365 561 archetypo
403 499 600 546 fluxisse
640 515 831 557 moneo,
873 515 999 560 quae
1050 500 1333 546 coniectura
1378 499 1584 559 lacunis,
1637 500 1788 546 inter-

96 573 446 636 polationibus,
487 574 760 634 scripturae
799 573 934 620 vitiis
975 572 1194 620 omnium
1234 573 1575 620 communibus
1616 572 1787 619 confir·

96 650 274 695 matur.
314 648 440 694 Erat
478 647 520 693 is
560 647 684 694 liber
722 648 825 694 iam
863 647 1152 693 minusculis
1192 647 1375 694 litteris
1408 648 1636 708 scriptus,
1675 646 1787 693 Vic-

94 724 203 769 tore
245 721 499 783 aliquanto
539 723 802 769 recentior:
858 724 907 768 et
959 721 1147 768 scholia
1195 720 1480 768 continebat
1526 723 1574 768 et
1620 721 1787 768 variae

95 797 323 844 lectionis
373 796 594 856 aliquam
642 796 847 856 copiam.
935 795 1066 841 Nam
1115 810 1239 856 quae
1287 795 1416 842 inter
1454 792 1514 843 A
1555 798 1602 842 et
1641 792 1700 842 B
1741 798 1789 842 et

23 888 26 890 ’
98 869 162 919 Ρ
195 869 455 917 diversitas
495 869 770 929 intercedit,
811 885 920 916 eam
958 885 1057 916 non
1097 869 1257 916 solum
1288 869 1607 916 librariorum
1638 869 1789 916 verba

94 943 521 1005 pessumdantium
561 944 706 1005 culpa
747 944 991 1004 explicare
1032 943 1170 990 licet:
1211 946 1326 990 sunt
1359 959 1416 990 ex
1446 946 1588 1004 parte
1620 943 1788 991 variae

94 1018 331 1066 lectiones
373 1033 493 1079 quas
532 1018 740 1065 tradidit
789 1017 929 1065 nobis
978 1019 1265 1079 antiquitas.
1317 1017 1447 1064 Hinc
1503 1020 1665 1065 ortum
1714 1021 1788 1064 est

93 1091 221 1139 illud
259 1092 389 1139 inter
428 1092 814 1139 Ambrosianum
841 1085 948 1157 (A)
983 1095 1031 1139 et
1071 1092 1369 1139 Bernensem
1394 1085 1500 1157 (B)
1527 1095 1788 1152 certamen,

95 1167 254 1213 utrius
301 1166 460 1213 maior
499 1168 565 1214 sit
604 1166 721 1213 fides
764 1170 912 1227 atque
954 1168 1239 1226 auctoritas,
1291 1182 1387 1227 quo
1426 1166 1479 1212 in
1520 1165 1787 1213 certamine

94 1240 180 1287 diu
218 1241 376 1287 victor
416 1241 511 1287 fuit
551 1240 922 1300 Ambrosianus,
963 1242 1043 1288 cui
1082 1256 1141 1287 ne
1174 1239 1419 1287 Becherus
1453 1240 1650 1301 quidem
1682 1240 1786 1301 pal-

93 1330 228 1361 mam
267 1316 483 1378 negavit.
563 1313 675 1362 Scio
718 1318 882 1362 autem
937 1315 1083 1361 huius
1139 1313 1256 1361 libri
1312 1314 1649 1362 adversarium
1699 1315 1786 1362 ali-

96 1388 292 1449 quando
333 1390 577 1436 exstitisse
617 1391 780 1436 virum
829 1390 950 1436 artis
998 1390 1196 1436 criticae
1236 1389 1593 1450 peritissimum
1641 1388 1789 1436 Geor-

97 1464 232 1526 gium
272 1462 463 1523 Kaibel‚
504 1465 604 1511 scio
645 1463 853 1510 eundem
886 1463 1100 1511 codicem
1128 1463 1301 1510 multis
1326 1462 1447 1511 locis
1481 1479 1591 1510 cum
1624 1463 1787 1510 studio

96 1529 244 1598 atque
282 1537 529 1584 industria
569 1541 839 1585 correctum
872 1537 1030 1584 videri
1062 1537 1370 1599 quibusdam,
1412 1554 1621 1598 quorum
1653 1538 1787 1598 equi-

94 1627 207 1658 nem
247 1611 381 1658 haud
418 1614 562 1672 parvi
609 1612 807 1658 fecerim
854 1612 1106 1659 iudicium.
1169 1612 1240 1658 At
1285 1611 1416 1659 idem
1463 1627 1573 1658 cum
1621 1627 1788 1673 saepe-

95 1685 297 1732 dumero
328 1685 502 1733 unicus
543 1686 737 1748 egregie
777 1702 893 1733 vera
933 1688 1164 1745 servavit,
1203 1689 1311 1732 tum
1350 1685 1483 1732 haud
1522 1702 1634 1733 raro
1676 1701 1786 1733 auc-

95 1759 272 1807 toritas
336 1761 440 1806 eius
504 1775 532 1806 a
587 1760 722 1807 Julio
787 1759 987 1807 Victore
1052 1760 1381 1808 confirmatur.
1483 1760 1571 1807 Est
1634 1761 1789 1823 igitur

95 1834 318 1895 quaestio
360 1833 569 1896 singulis
611 1835 731 1882 locis
772 1834 1109 1895 disceptanda,
1149 1833 1267 1880 dum
1305 1834 1451 1881 modo
1497 1836 1666 1882 teneas
1706 1851 1787 1881 ne-

95 1923 190 1968 que
229 1907 548 1954 Ambrosiani
588 1925 745 1969 neque
786 1908 1047 1956 Bernensis
1097 1908 1237 1970 eique
1279 1908 1541 1956 confinium
1594 1925 1683 1970 ope
1726 1909 1787 1955 ad

93 1984 281 2028 textum
322 1983 718 2029 constituendum
760 1984 915 2030 careri
947 1998 1110 2044 posse:
1151 1983 1301 2029 immo
1327 1983 1402 2030 his
1428 1983 1570 2044 qua-si
1602 1983 1788 2044 duplici

94 2055 415 2104 fundamento
485 2057 685 2104 nitetur.
765 2057 870 2120 Ego
943 2061 1106 2104 autem
1176 2056 1495 2105 Ambrosiani
1564 2061 1787 2119 receptas

94 2130 328 2178 lectiones
367 2146 467 2177 non
505 2146 618 2179 raro
660 2133 838 2192 sprevi,
901 2146 1024 2193 quas
1063 2131 1210 2178 nimis
1262 2132 1446 2192 politas
1495 2134 1644 2193 atque
1693 2132 1787 2179 ele-

95 2206 268 2267 gantes
307 2205 496 2266 putavi:
538 2205 599 2252 ad
639 2205 884 2252 familiam
916 2203 976 2253 B
1008 2205 1145 2265 redii,
1187 2207 1280 2253 etsi
1319 2221 1446 2267 quae
1489 2206 1786 2264 continebat,

93 2277 295 2326 duriora
335 2281 384 2326 et
423 2281 673 2340 asperiora
711 2279 867 2326 videri
906 2283 1159 2340 poterant:
1198 2280 1352 2327 talem
1390 2279 1514 2326 mihi
1552 2279 1787 2328 finxeram

96 2351 393 2408 Quintiliani
446 2353 716 2416 imaginem
762 2355 976 2402 hominis
1023 2353 1086 2401 ad
1142 2356 1404 2415 antiquum
1454 2370 1641 2402 morem
1691 2355 1786 2402 Ro-

95 2427 232 2473 mani
271 2429 320 2474 et
357 2427 504 2474 nimis
557 2429 687 2474 levia
735 2428 1023 2490 spernentis.
1101 2428 1228 2475 Item
1268 2429 1319 2474 in
1365 2428 1544 2476 finibus
1596 2431 1787 2476 senten-

94 2501 280 2547 tiarum
329 2502 370 2548 si
418 2518 543 2562 quae
591 2507 697 2549 erat
755 2502 981 2550 lectionis
1029 2503 1259 2562 varietas,
1323 2503 1659 2551 clausularum
1709 2503 1786 2550 lex

96 2577 244 2635 atque
292 2576 594 2623 consuetudo
643 2578 839 2637 saepius
891 2576 1214 2624 traditionem
1260 2574 1319 2624 B
1367 2593 1517 2638 quam
1556 2575 1616 2625 A
1657 2593 1783 2625 com-

97 2648 329 2696 mendare
368 2650 492 2696 mihi
531 2650 805 2698 videbatur.

205 2722 340 2770 Haec
382 2739 531 2784 quam
583 2724 871 2772 brevissime
911 2725 1068 2786 potui,
1125 2724 1341 2785 exposui.
1413 2725 1670 2773 Editiones
1703 2725 1784 2771 ad-

96 2795 234 2842 hibui
287 2812 412 2858 quae
460 2797 524 2844 ad
570 2814 771 2846 manum
826 2802 968 2846 erant
1013 2800 1332 2846 recentiores:
1380 2798 1595 2859 Gesneri‚
1645 2797 1784 2861 Spal-

94 2869 257 2933 dingi,
350 2870 639 2932 Gernhardj,
716 2872 1072 2931 Luenemanni,
1148 2872 1209 2920 H.
1272 2873 1474 2934 Meyeri,
1552 2873 1786 2934 Zumptii,
