2055 3130
260 77 365 129 172
752 76 1127 129 QVINTILIANI
1155 77 1302 120 INST.
1338 76 1430 120 ΟΒ.

258 218 371 263 ante
411 217 521 263 acta
559 218 665 263 vita
704 218 746 263 si
776 217 999 263 inlustris
1030 215 1127 262 fuit
1159 218 1248 262 aut
1279 217 1456 263 clarius
1491 232 1640 279 genus
1673 219 1760 264 aut
1791 221 1927 266 aetas

258 293 348 336 aut
401 290 600 336 fortuna
655 289 815 336 adfert
868 290 1277 349 expectationem,
1332 290 1686 350 providendum
1740 294 1813 338 est
1865 307 1926 338 ne

259 378 384 423 quae
424 363 652 409 dicuntur
676 361 736 408 ab
764 377 834 420 eo,
874 363 960 423 qui
985 362 1117 421 dicit,
1158 362 1463 410 dissentiant.
1505 365 1557 409 at
1579 364 1655 410 his
1680 366 1927 411 contraria

259 437 642 482 summissiorem
682 435 927 496 quendam
973 435 1170 482 modum
1225 436 1491 496 postulant.
1547 452 1662 482 nam
1712 452 1836 497 quae
1874 439 1928 483 in

260 509 371 555 aliis
410 509 612 555 libertas
653 511 741 567 est,
787 510 840 555 in
879 509 990 554 ah'is
1029 508 1229 555 licentia
1276 511 1494 567 vocatur,
1542 513 1590 556 et
1636 510 1926 570 quibusdam

260 581 442 628 sufficit
481 583 765 640 auctoritas,
807 581 1044 642 quosdam
1081 583 1209 628 ratio
1248 584 1356 642 ipsa
1397 597 1539 643 aegre
1578 585 1758 630 tuetur.

169 653 234 697 49
368 654 580 716 Ideoque
626 655 770 717 longe
817 655 940 701 mihi
994 654 1313 702 difficillimae
1366 655 1597 702 videntur
1644 671 1928 717 prosopo-

257 729 487 788 poeiae,
538 730 590 774 in
632 729 809 789 quibus
849 728 911 774 ad
948 728 1150 775 relicum
1191 730 1438 775 suasoriae
1476 729 1694 776 laborem
1741 729 1929 776 accedit

259 803 409 847 etiam
433 816 670 861 personae
703 801 990 848 difficultas:
1029 817 1240 862 namque
1263 801 1389 848 idem
1417 802 1542 848 illud
1567 802 1711 849 aliter
1737 801 1928 861 Caesar,

260 874 405 921 aliter
444 873 626 933 Cicero,
667 875 813 921 aliter
854 873 973 921 Cato
1015 875 1215 921 suadere
1256 875 1462 922 debebit.
1511 876 1774 923 utilissima
1812 891 1928 923 vero

257 948 378 994 haec
417 950 717 1007 exercitatio,
767 948 847 995 vel
887 948 1015 1009 quod
1063 947 1274 1009 duplicis
1324 951 1398 995 est
1452 950 1610 1009 operis
1665 949 1743 996 vel
1800 949 1930 1010 quod

257 1023 418 1081 poetis
460 1037 655 1082 quoque
696 1023 783 1068 aut
820 1021 1139 1068 historiarum
1190 1023 1369 1068 futuris
1410 1022 1728 1082 scriptoribus
1774 1023 1929 1083 pluri-

171 1094 234 1138 50
258 1111 393 1141 mum
432 1095 644 1142 confert:
694 1111 865 1142 verum
905 1098 952 1141 et
1000 1095 1275 1142 oratoribus
1321 1097 1607 1142 necessaria.
1654 1111 1769 1142 nam
1816 1100 1932 1143 sunt

258 1169 445 1214 multae
486 1184 514 1215 a
555 1167 750 1215 Graecis
791 1167 1079 1229 Latinisque
1120 1170 1417 1228 compositae
1451 1171 1711 1228 orationes,
1752 1168 1930 1229 quibus

259 1241 348 1287 alii
385 1245 652 1300 uterentur,
693 1243 755 1288 ad
795 1258 1002 1303 quorum
1042 1241 1376 1289 condicionem
1414 1243 1666 1303 vitamque
1714 1242 1930 1302 aptanda

260 1330 384 1375 quae
432 1314 720 1361 dicebantur
766 1316 976 1362 fuerunt.
1033 1331 1096 1361 an
1150 1315 1319 1361 eodem
1366 1314 1510 1362 modo
1558 1317 1799 1376 cogitavit
1845 1318 1932 1362 aut

260 1388 463 1435 eandem
502 1404 759 1449 personam
799 1388 964 1435 induit
1004 1387 1184 1447 Cicero,
1232 1404 1342 1435 cum
1381 1388 1612 1435 scriberet
1652 1387 1736 1435 Cn.
1790 1388 1930 1435 Pom-

259 1463 369 1522 peio
411 1465 459 1508 et
499 1477 607 1508 cum
648 1462 701 1508 T.
741 1462 920 1522 Ampio
969 1463 1217 1520 ceterisve,
1258 1477 1313 1508 ac
1360 1477 1458 1508 non
1504 1463 1650 1509 unius
1698 1462 1931 1523 cuiusque

260 1550 427 1581 eorum
468 1535 733 1592 fortunam,
775 1536 1081 1597 dignitatem,
1132 1550 1207 1582 res
1249 1537 1410 1597 gestas
1449 1537 1658 1582 intuitus
1698 1537 1931 1594 omnium,

261 1608 436 1669 quibus
476 1624 646 1655 vocem
678 1608 840 1666 dabat,
882 1611 1030 1655 etiam
1069 1610 1334 1670 imaginem
1374 1610 1625 1669 expressit,
1665 1612 1719 1655 ut
1757 1609 1931 1656 melius

173 1681 232 1724 51
263 1681 472 1742 quidem,
528 1682 610 1728 sed
657 1684 822 1728 tamen
876 1683 974 1743 ipsi
1027 1682 1184 1728 dicere
1224 1681 1540 1729 viderentur?
1593 1697 1748 1743 neque
1803 1684 1933 1729 enim

259 1755 420 1801 minus
460 1756 640 1802 vitiosa
681 1759 754 1802 est
793 1757 974 1813 oratio,
1030 1757 1072 1802 si
1120 1755 1179 1801 ab
1227 1756 1443 1814 homine,
1498 1771 1645 1816 quam
1686 1757 1729 1802 si
1767 1755 1826 1801 ab
1866 1771 1932 1814 re,

260 1830 340 1875 cui
379 1830 737 1876 accommodari
777 1829 961 1887 debuit,
1010 1829 1224 1876 dissidet.
1272 1829 1480 1890 ideoque
1526 1828 1700 1890 Lysias
1749 1831 1932 1889 optime

260 1901 457 1949 videtur
494 1904 547 1948 in
586 1904 662 1962 iis,
712 1918 835 1963 quae
884 1901 1125 1949 scribebat
1171 1903 1397 1961 indoctis,
1445 1917 1660 1950 servasse
1706 1903 1932 1949 veritatis

260 1975 418 2021 fidem.
476 1977 722 2022 enimvero
762 1978 1023 2037 praecipue
1071 1976 1479 2023 declamatoribus
1528 1975 1932 2022 considerandum

263 2052 349 2107 est,
391 2049 508 2109 quid
549 2049 722 2110 cuique
762 2065 997 2110 personae
1038 2051 1311 2107 conveniat,
1353 2051 1437 2110 qui
1468 2051 1788 2110 paucissimas
1821 2065 1932 2096 con-

259 2123 524 2169 troversias
564 2124 636 2168 ita
670 2123 838 2169 dicunt
870 2127 925 2170 ut
949 2123 1196 2169 advocati:
1235 2124 1524 2183 plerumque
1548 2123 1652 2181 filii,
1691 2126 1933 2183 parentes,

261 2195 452 2254 diviteS,
499 2210 649 2254 senes,
705 2198 879 2256 asperi,
933 2197 1079 2255 lenes,
1134 2197 1288 2255 avari,
1329 2195 1536 2257 denique
1591 2197 1932 2256 superstitiosi,

260 2268 440 2327 timidi,
481 2269 718 2316 derisores
742 2269 880 2328 fiunt,
919 2274 975 2316 ut
998 2272 1080 2316 vix
1105 2269 1465 2316 comoediarum
1490 2270 1735 2316 actoribus
1767 2270 1932 2330 plures

261 2342 459 2389 habitus
509 2344 561 2388 in
608 2343 972 2406 prqnuntiando
1031 2342 1337 2403 concipiendi
1383 2344 1503 2401 sint,
1563 2358 1711 2403 quam
1758 2343 1834 2390 his
1880 2344 1933 2389 in

174 2418 236 2462 52
263 2416 480 2462 dicendo.
523 2432 646 2477 quae
687 2418 851 2463 omnia
888 2420 1094 2477 possunt
1138 2415 1293 2463 videri
1332 2417 1738 2476 prosopopoeiae,
1786 2431 1931 2477 quam

264 2504 353 2552 ego
394 2490 625 2536 suasoriis
666 2490 863 2549 subieci,
905 2491 1019 2552 quia
1058 2490 1196 2536 nullo
1230 2489 1328 2535 alio
1362 2489 1422 2536 ab
1446 2490 1521 2536 his
1555 2505 1701 2550 quam
1725 2505 1934 2550 persona

263 2563 429 2609 distat.
480 2578 778 2623 quamquam
816 2563 933 2610 haec
974 2562 1242 2624 aliquando
1284 2565 1433 2609 etiam
1479 2563 1528 2608 in
1577 2564 1933 2610 controversias

383 2752 405 2788 3
441 2748 507 2804 at]
527 2750 608 2790 aut
624 2755 659 2787 Α
783 2752 835 2789 16
871 2748 947 2804 an]
968 2747 1027 2789 ad
1044 2749 1151 2789 Bat
1169 2747 1321 2789 Ambr.
1341 2751 1370 2791 2
1478 2752 1529 2788 17
1565 2747 1759 2790 eandem
1776 2760 1845 2789 om
1862 2746 1929 2801 BJ

263 2805 444 2848 inducit
475 2813 520 2847 B
637 2810 692 2848 27
724 2808 940 2860 parentes
973 2814 1030 2847 A:
1062 2810 1218 2860 patres
1251 2813 1339 2847 BP
1458 2811 1510 2849 31
1545 2807 1706 2863 quam]
1738 2818 1853 2860 quas
1871 2803 1935 2847 Ρ2

265 2868 318 2906 32
352 2863 443 2908 3110
476 2872 578 2907 BP:
611 2865 748 2908 modo
780 2873 816 2906 Α
938 2870 991 2906 33
1026 2865 1203 2907 distant
1232 2872 1321 2906 BP

1954 894 1998 924 10

1957 1259 1998 1290 15

1958 1626 2004 1657 20.

1957 1992 1999 2024 25

1957 2360 2001 2391 30
