2055 3130
258 37 367 88 264
756 37 1129 90 QVINTILIANI
1158 38 1223 81 IN
1228 38 1307 81 ST.
1343 37 1436 82 ΟΒ.

258 177 379 224 duas
412 176 612 238 quidam
644 177 827 237 species
860 192 961 224 esse
985 177 1258 236 voluerunt,
1291 177 1513 237 actionis,
1544 181 1600 225 ut
1630 194 1718 239 pro
1746 176 1929 239 Oppio:

258 247 400 311 ‘quos
440 250 640 296 educere
663 251 847 297 invitos
885 251 938 296 in
967 251 1274 310 provinciam
1304 266 1402 297 non
1425 253 1602 312 potuit,
1641 266 1722 298 eos
1746 251 1927 299 invitos

254 324 463 370 retinere
504 324 588 384 qui
626 318 842 384 potuit?’
881 323 1132 383 temporis,
1170 326 1221 370 in
1246 323 1469 370 Verrem:
1509 319 1570 370 ‘si
1608 324 1754 371 finem
1790 340 1927 386 prae-

254 398 376 443 toris
433 396 591 443 edicto
651 396 878 443 adferunt
937 396 1187 444 Kalendae
1247 397 1365 457 Ian,
1429 413 1514 444 cur
1573 413 1671 444 non
1729 397 1929 444 initium

171 473 226 517 77
258 485 450 530 quoque
491 468 637 516 edicti
675 472 907 517 nascatur
946 486 975 516 a
1012 469 1247 516 Kalendis
1287 466 1443 516 Ian.‘?’
1493 471 1621 531 quod
1666 473 1928 531 utrumque

257 543 533 603 exemplum
570 543 670 589 tale
711 546 796 603 est,
843 546 899 589 ut
937 544 1067 589 idem
1116 545 1168 590 in
1215 544 1484 602 diversum,
1531 545 1572 590 si
1617 546 1746 591 retro
1795 559 1929 607 agas,

256 617 444 675 valeat,
499 631 796 676 consequens
850 616 979 662 enim
1033 619 1106 663 est
1161 632 1264 676 eos,
1321 619 1408 677 qui
1468 617 1614 663 inviti
1669 618 1781 664 duci
1831 633 1930 664 non

172 692 231 736 78
257 690 520 750 potuerint,
560 690 744 736 invitos
783 705 880 736 non
919 689 1134 749 potuisse
1173 691 1389 736 retineri.
1430 690 1518 736 illa
1558 706 1766 752 quoque,
1805 706 1929 751 quae

257 778 314 809 ex
352 762 494 809 rebus
548 765 767 809 mutuam
816 762 1235 810 confirmationem
1281 763 1643 824 praestantibus
1685 764 1931 810 ducuntur

259 829 408 900 (quae
448 836 637 897 proprii
677 836 867 897 generis
906 836 1063 883 videri
1111 836 1317 897 quidam
1355 837 1528 884 volunt
1575 840 1622 884 et
1660 840 1839 885 vocant
1877 834 1928 883 ἐκ

257 916 353 956 τῶν
392 908 514 972 πρὸς
554 906 754 970 ἄλληλα,
805 909 970 956 Cicero
1012 926 1067 956 ex
1113 910 1254 957 rebus
1304 911 1391 957 sub
1440 910 1643 957 eandem
1688 910 1931 957 rationem

257 977 605 1047 venientibus),
629 983 826 1029 fortiter
850 983 1254 1044 consequentibus
1279 986 1543 1030 iunxerim:
1570 980 1626 1030 ‘si
1654 983 1932 1045 portorium

258 1056 461 1103 Rhodiis
501 1056 661 1103 locare
699 1057 957 1103 honestum
999 1060 1085 1116 est,
1132 1061 1179 1104 et
1218 1052 1590 1105 Hei-mocreonti
1629 1052 1932 1116 conducere',

172 1132 232 1176 79
260 1132 309 1176 et
350 1126 500 1190 ‘quod
541 1129 722 1176 discere
762 1130 1034 1190 honestum,
1075 1133 1124 1176 et
1164 1125 1367 1177 docere'.
1408 1131 1536 1177 unde
1577 1131 1664 1177 illa
1703 1147 1801 1178 non
1839 1131 1932 1177 hac

256 1203 448 1250 ratione
490 1203 635 1262 dicta,
675 1203 759 1250 sed
798 1204 1011 1250 efficiens
1050 1204 1180 1250 idem
1220 1204 1411 1251 Domiti
1434 1205 1546 1250 Afri
1578 1205 1820 1252 sententia
1860 1207 1932 1251 est
1979 1220 1994 1228 ⁷

256 1276 486 1338 pulchra:
536 1273 644 1339 ‘ego
686 1279 925 1337 accusavi,
965 1293 1050 1324 vos
1092 1274 1396 1324 damnastis’.
1446 1282 1518 1324 est
1556 1279 1766 1325 invicem
1820 1292 1930 1324 con-

260 1365 465 1410 sequens
508 1354 554 1397 et
596 1350 726 1411 quod
766 1367 821 1397 ex
861 1351 1064 1398 diversis
1104 1351 1234 1398 idem
1275 1351 1510 1411 ostendit,
1557 1354 1628 1410 ut,
1670 1353 1755 1412 qui
1792 1367 1931 1397 mun-

258 1423 375 1469 dum
414 1425 550 1470 nasci
590 1423 721 1483 dicit,
761 1441 847 1484 per
885 1425 977 1472 hoc
1015 1426 1176 1485 ipsum
1211 1427 1259 1471 et
1291 1425 1489 1471 deficere
1522 1425 1776 1487 significet,
1816 1423 1933 1485 quia

260 1497 422 1544 deficit
463 1513 602 1543 omne
644 1498 777 1558 quod
816 1500 1048 1544 nascitur.

171 1571 235 1616 80
373 1570 636 1617 Simillima
677 1574 750 1617 est
795 1571 871 1618 his
912 1572 1288 1634 argumentatio,
1336 1588 1434 1632 qua
1473 1572 1641 1634 colligi
1680 1572 1838 1619 solent
1877 1586 1966 1617 ex·

259 1646 335 1702 iis,
384 1659 509 1704 quae
551 1645 755 1703 faciunt,
803 1661 873 1703 ea,
927 1661 1049 1705 quae
1090 1645 1380 1705 efficiuntur,
1432 1649 1518 1692 aut
1569 1649 1751 1704 contra,
1803 1644 1933 1706 quod

259 1733 413 1780 genus
470 1734 496 1764 a
553 1719 710 1764 causis
761 1721 959 1765 vocant:
1029 1718 1148 1765 haec
1213 1720 1408 1766 interim
1471 1720 1741 1766 necessario
1790 1718 1932 1778 fiunt,

259 1791 457 1838 interim
499 1791 802 1852 plerumque,
843 1792 925 1839 sed
965 1808 1060 1839 non
1100 1794 1384 1840 necessario.
1425 1809 1541 1839 nam
1572 1807 1746 1854 corpus
1777 1793 1829 1838 in
1859 1792 1932 1838 lu·

262 1867 391 1911 mine
432 1867 601 1925 utique
640 1865 860 1912 umbram
904 1867 1037 1925 facit,
1078 1871 1124 1912 et
1164 1866 1351 1925 umbra,
1391 1867 1682 1927 ubicumque
1724 1869 1816 1925 est,
1863 1864 1934 1911 ibi

173 1939 233 1983 81
262 1954 362 1985 esse
404 1953 577 1999 corpus
619 1939 844 1986 ostendit.
901 1939 998 1986 alia
1046 1942 1184 1999 sunt,
1231 1944 1287 1987 ut
1334 1941 1455 2000 dixi,
1510 1957 1608 1987 non
1646 1939 1932 1998 necessaria,
1982 1955 1996 1963 ·
2054 1947 2055 1964 *

260 2012 338 2058 vel
378 2011 624 2072 utrimque
658 2013 735 2059 vel
775 2029 832 2059 ex
865 2013 1020 2059 altera
1053 2017 1214 2074 parte:
1258 2010 1349 2060 ‘sol
1383 2014 1590 2061 colorat:
1630 2029 1727 2060 non
1758 2014 1931 2073 utique

263 2087 349 2147 qui
375 2090 446 2132 est
473 2086 731 2144 coloratus,
765 2102 792 2133 a
827 2087 926 2132 sole
959 2081 1065 2134 est’.
1109 2083 1221 2133 ‘iter
1244 2088 1641 2148 pulverulentum
1676 2086 1810 2145 facit,
1851 2085 1933 2132 sed

263 2174 419 2219 neque
461 2174 599 2206 omne
640 2161 732 2206 iter
770 2160 1021 2220 pulverem
1061 2165 1239 2220 movet,
1279 2177 1366 2208 nec
1407 2161 1626 2222 quisquis
1660 2164 1732 2207 est
1763 2160 1932 2221 pulve-

174 2233 236 2277 82
262 2233 502 2291 rulentus,
543 2249 598 2279 ex
637 2235 812 2280 itinere
855 2230 959 2280 est'.
1015 2230 1163 2297 [quae
1211 2236 1382 2295 utique
1437 2235 1575 2294 fiunt,
1624 2234 1748 2281 talia
1798 2236 1932 2280 sunt:

263 2301 326 2352 ‘si
373 2306 616 2366 sapientia
663 2306 845 2353 bonum
898 2309 1060 2354 virum
1111 2308 1250 2366 facit,
1298 2309 1452 2355 bonus
1507 2308 1583 2355 vir
1633 2310 1708 2355 est
1759 2308 1975 2367 utique3

263 2376 493 2440 sapiens',
533 2381 749 2441 itemque
790 2376 924 2427 ‘boni
965 2384 1038 2428 est
1076 2382 1276 2428 honeste
1317 2383 1490 2442 facere,
1529 2381 1649 2428 mali
1686 2376 1932 2441 turpiter’,

384 2524 405 2561 1
439 2519 493 2561 fr.
526 2520 578 2562 A.
604 2519 709 2562 1112
743 2547 798 2550 —
833 2524 856 2562 3
893 2525 931 2573 1,
957 2526 1025 2574 42,
1055 2526 1136 2563 109
1171 2548 1224 2552 —
1262 2526 1314 2563 10
1339 2521 1478 2564 Arist.
1504 2521 1637 2565 Rhet.
1666 2526 1705 2575 2,
1732 2526 1801 2575 23,
1827 2525 1851 2563 3
1877 2546 1934 2551 —

266 2583 318 2620 11
352 2577 420 2620 De
453 2578 541 2621 inv.
579 2583 617 2631 1,
651 2583 720 2632 30,
755 2583 823 2632 46,
857 2584 910 2621 47

384 2715 406 2752 7
441 2711 576 2753 inviti
607 2711 795 2754 retineri
840 2738 893 2743 ——
934 2712 1140 2767 potuisse
1182 2713 1287 2755 duci
1332 2713 1499 2756 Gesner
1539 2712 1690 2767 (educi
1729 2712 1935 2766 Vollmer)

385 2773 438 2811 29
472 2772 541 2812 est
573 2785 642 2813 om
666 2779 702 2811 Α
740 2772 742 2811 ἶ
777 2772 947 2814 seclusa
991 2786 1079 2814 mm
1124 2777 1237 2826 puto
1276 2786 1363 2815 esse
1400 2772 1601 2828 genuina
1633 2772 1685 2824 cf
1713 2772 1728 2814 l
1767 2775 1819 2812 23
1859 2784 1937 2825 sqq

385 2833 437 2871 31
472 2828 677 2884 itemque
705 2829 894 2873 Gesner:
925 2830 1122 2885 ideoque
