2007 3120
226 93 292 142 12
719 91 1096 143 QVINTILIANI
1123 91 1274 136 INST.
1309 91 1400 136 OR.

221 231 346 277 facie
391 232 572 289 norint,
619 246 716 277 non
763 231 945 278 ordine.
1016 234 1315 292 quapropter
1355 232 1538 292 optime
1576 233 1703 279 sicut
1739 231 1895 279 homi-

131 304 195 347 26
219 319 336 349 num
375 305 563 363 pariter
602 306 650 349 et
688 303 886 350 habitus
925 307 975 351 61
1012 306 1211 351 1101111116
1251 303 1591 351 edocebuntur.
1643 304 1726 353 sed
1765 304 1896 365 quod

219 377 267 422 in
323 376 502 423 litteris
557 376 709 435 obest,
762 377 814 422 in
864 377 1067 437 syllabis
1120 393 1216 424 non
1271 377 1478 424 nocebit.
1546 393 1644 424 non
1694 377 1895 425 excludo

220 452 398 508 autem,
448 449 499 495 id
552 449 681 509 quod
729 452 803 496 est
851 453 1039 497 motum
1089 450 1356 497 irritandae
1405 450 1465 496 ad
1505 450 1786 497 discendum
1822 452 1895 496 in·

219 523 404 568 santiae
445 522 622 584 gratia,
663 522 897 570 eburneas
939 525 1087 570 etiam
1128 524 1406 570 litterarum
1436 523 1617 571 formas
1649 524 1700 569 in
1731 525 1896 571 lusum

220 595 405 653 offerre,
456 599 506 642 et
555 595 596 641 si
648 596 764 656 quid
817 596 966 654 aliud,
1018 612 1112 656 quo
1162 597 1320 658 magis
1366 596 1456 642 illa
1495 598 1630 643 aetas
1669 597 1896 659 gaudeat,

218 669 431 714 inveniri
479 672 657 729 potest,
715 669 847 730 quod
894 671 1124 726 tractare,
1178 671 1373 729 intueri²
1423 669 1675 716 nominare
1724 672 1895 716 iucun-

219 741 334 787 dum
374 743 451 788 sit.

130 815 188 859 27
330 813 454 861 Cum
491 830 607 862 vero
648 815 748 861 iam
786 815 960 863 ductus
1001 816 1141 876 sequi
1182 815 1412 876 coeperit,
1451 831 1548 863 non
1586 817 1762 863 1111111116
1803 818 1896 862 6111

217 903 299 935 665
353 887 565 934 tabellae
620 904 767 949 quam
822 890 1005 950 optime
1059 889 1291 950 insculpi,
1345 892 1404 936 111
1455 905 1543 950 per
1595 889 1707 937 illos
1760 889 1895 936 velut

220 962 380 1008 sulcos
419 961 628 1008 ducatur
667 962 824 1009 stilus.
894 978 1010 1009 nam
1048 979 1208 1023 neque
1249 962 1446 1021 errabit,
1487 962 1893 1023 quemadmodum

216 1035 268 1079 in
321 1035 441 1081 ceris
495 1028 849 1098 (continebitur
900 1036 1028 1083 enim
1078 1038 1325 1097 utrimque
1379 1035 1684 1097 marginibus
1737 1051 1895 1096 neque

217 1110 354 1154 extra
393 1109 754 1169 praescriptum
794 1109 959 1171 egredi
997 1103 1219 1174 poterit),
1267 1113 1316 1156 et
1363 1110 1565 1156 celerius
1607 1125 1662 1156 ac
1701 1111 1895 1169 saepius

218 1182 464 1241 sequendo
521 1186 653 1229 certa
708 1183 919 1244 vestigia
974 1182 1189 1230 firmabit
1241 1183 1473 1230 articulos
1523 1197 1682 1243 neque
1734 1183 1897 1245 egebit

217 1254 464 1302 adiutorio
518 1271 720 1302 manum
775 1271 913 1302 suam
967 1273 1119 1304 manu
1181 1272 1326 1318 super
1387 1257 1605 1316 inposita
1666 1257 1892 1318 regentis.

127 1335 188 1380 28
215 1343 313 1374 non
365 1331 438 1375 est
489 1329 652 1376 aliena
698 1344 788 1389 res,
840 1345 964 1390 quae
1013 1330 1111 1376 fere
1161 1330 1220 1377 ab
1267 1330 1483 1376 honestis
1523 1329 1719 1391 neglegi
1758 1329 1895 1389 solet,

216 1417 335 1448 cura
380 1401 500 1448 bene
543 1418 598 1449 66
637 1403 872 1449 velociter
911 1403 1167 1450 scribendi.
1222 1418 1338 1450 nam
1377 1418 1487 1449 cum
1527 1403 1591 1449 sit
1629 1403 1679 1448 in
1719 1403 1896 1450 studiis

214 1476 550 1536 praecipuum,
591 1491 783 1536 quoque
823 1477 926 1524 solo
965 1492 1107 1523 verus
1146 1477 1228 1523 ille
1261 1477 1507 1537 profectus
1541 1479 1589 1522 et
1620 1476 1735 1522 altis
1766 1476 1894 1522 radi-

215 1548 350 1595 cibus
390 1551 532 1594 nixus
570 1553 790 1609 paretur,
831 1549 1039 1596 scribere
1079 1552 1256 1610 ipsum,
1295 1549 1485 1596 tardior
1524 1548 1670 1596 stilus
1710 1550 1895 1611 cogita-

213 1623 399 1668 tionem
439 1625 678 1681 1116161111,
727 1623 861 1670 rudis
903 1627 951 1669 et
991 1626 1218 1670 confusus
1258 1623 1516 1670 intellectu
1556 1626 1709 1669 caret:
1764 1622 1893 1670 unde

124 1696 188 1739 29
215 1696 436 1755 sequitur
469 1695 594 1742 alter
626 1696 845 1743 dictandi
878 1712 1003 1756 quae
1037 1697 1376 1744 transferenda
1407 1701 1523 1743 sunt
1552 1695 1703 1743 labor.
1744 1712 1893 1756 quare

215 1784 326 1815 cum
366 1784 557 1830 semper
596 1772 646 1816 et
683 1770 882 1830 ubique,
921 1774 1030 1816 tum
1061 1770 1323 1831 praecipue
1355 1771 1407 1815 in
1440 1770 1665 1830 epistulis
1697 1771 1894 1817 secretis

213 1844 262 1888 et
308 1842 636 1889 familiaribus
684 1843 948 1890 delectabit
994 1860 1053 1890 ne
1099 1844 1191 1891 hoc
1232 1843 1427 1904 quidem
1467 1843 1744 1906 neglectum
1781 1843 1892 1890 reli·

214 1930 389 1975 quisse.

122 1991 188 2035 30
325 1987 540 2048 Syllabis
580 1990 772 2035 nullum
812 1990 1154 2050 compendium
1195 1993 1287 2038 est:
1339 1989 1686 2051 perdiscendae
1726 2005 1892 2037 omnes

210 2076 313 2119 1166,
363 2065 419 2109 111
469 2062 525 2108 fit
573 2063 877 2124 plerumque,
928 2063 1220 2110 difficillima
1272 2079 1493 2123 quaeque
1544 2078 1711 2110 earum
1758 2063 1892 2110 diffe-

121 2138 180 2182 31
210 2135 377 2194 renda,
429 2140 485 2182 ut
533 2138 584 2182 in
632 2137 910 2184 nominibus
959 2137 1225 2184 scribendis
1266 2136 1702 2198 deprehendantur.
1773 2137 1891 2197 quin

210 2210 359 2255 immo
414 2225 474 2255 ne
529 2210 717 2270 primae
773 2211 970 2271 quidem
1023 2212 1287 2257 memoriae
1341 2213 1522 2257 temere
1578 2209 1890 2258 credendum:

210 2285 429 2342 repetere
470 2286 517 2329 et
556 2283 641 2329 diu
680 2285 926 2331 inculcare
966 2285 1118 2331 fuerit
1155 2284 1328 2330 utilius
1368 2287 1415 2330 61
1448 2285 1500 2330 111
1531 2284 1739 2331 lectione
1773 2299 1890 2344 quo-

212 2371 304 2415 que
337 2372 434 2402 non
465 2372 727 2418 properare
760 2357 823 2403 ad
856 2357 1237 2404 continuandam
1270 2373 1377 2404 eam
1403 2357 1480 2403 vel
1506 2355 1889 2414 adcelerandam‚

209 2430 306 2475 nisi
360 2445 468 2476 cum
519 2431 756 2477 inoffensa
808 2433 956 2491 atque
1007 2431 1287 2478 indubitata
1337 2431 1619 2476 litterarum
1663 2431 1794 2476 inter
1839 2445 1889 2477 se

211 2503 486 2549 coniunctio
542 2504 856 2564 suppeditare
911 2504 1013 2551 sine
1068 2505 1171 2551 ulla
1226 2503 1475 2566 cogitandi
1527 2504 1699 2550 saltem
1751 2518 1890 2550 mora

209 2577 405 2634 poterit.
445 2579 562 2622 tunc
593 2578 712 2637 ipsis
745 2578 950 2638 syllabis
981 2578 1130 2625 verba
1163 2578 1406 2638 conplecti
1439 2579 1488 2622 et
1517 2576 1593 2623 his
1619 2590 1889 2623 sermonem

121 2652 183 2696 32
212 2650 461 2695 conectere
501 2650 728 2710 incipiat:
767 2651 1051 2698 incredibile
1093 2654 1179 2710 est,
1221 2652 1459 2711 quantum
1490 2664 1657 2697 morae
1688 2649 1889 2696 lectioni

328 2821 352 2858 2
385 2816 719 2876 (litterarum)
751 2820 928 2874 pariter
962 2820 1154 2863 Vollmer
1301 2826 1328 2861 4
1360 2819 1554 2876 motum]
1587 2821 1748 2861 notum
1781 2819 1889 2861 libri

207 2875 258 2927 cs*
282 2874 347 2917 ΠΙ
380 2880 416 2928 1,
437 2879 461 2918 8
494 2876 559 2919 IV
592 2883 629 2929 1,
650 2882 702 2919 29
736 2877 822 2920 VH
853 2883 893 2931 4,
914 2883 965 2920 37
1090 2883 1113 2919 6
1148 2877 1218 2920 vel
1250 2878 1288 2920 si
1320 2885 1475 2928 qur
1581 2882 1632 2920 19
1666 2876 1818 2932 ipsam
1849 2885 1886 2918 A

1921 907 1963 938 10

1921 1272 1961 1304 15

1920 1640 1960 1670 20

1918 2006 1959 2038 25

1916 2373 1959 2403 30
