2055 3130
283 82 389 132 242
779 80 1152 133 QVINTILIANI
1179 80 1329 124 INST.
1364 81 1455 125 ΟΒ.

282 221 570 281 plerumque
611 221 887 282 colligimus
929 221 1243 282 argumentis,
1283 235 1407 281 quae
1445 236 1532 280 per
1571 235 1620 267 se
1659 220 1784 267 nihil
1814 237 1952 268 reum

285 294 555 356 adgravare
595 293 868 351 videantur,
909 293 1283 355 congregatione
1331 293 1504 340 deinde
1551 308 1718 340 eorum
1763 294 1951 341 factum

285 368 644 414 convincimus:
693 368 766 412 ita
804 366 947 413 huius
986 366 1120 413 modi
1157 367 1295 413 testis
1346 367 1504 413 multa
1543 366 1601 411 de
1653 369 1765 414 ante
1815 367 1952 426 actis,

286 440 444 486 multa
484 439 542 486 de
581 440 827 498 insecutis,
865 439 989 499 loco,
1027 442 1261 501 tempore,
1299 454 1522 499 persona,
1563 441 1735 487 ceteris
1768 443 1840 488 est
1878 442 1951 486 in-

282 513 619 575 terrogandus,
658 515 716 559 ut
756 513 807 558 in
848 512 1049 572 aliquod
1085 528 1372 573 responsum
1410 512 1612 572 incidat,
1660 515 1774 573 post
1822 513 1953 574 quod

282 586 360 632 illi
397 586 475 632 vel
515 586 660 632 fateri
701 601 825 646 quae
864 586 1088 633 volumus
1127 601 1319 633 necesse
1353 587 1430 646 sit,
1469 586 1548 633 vel
1579 587 1655 645 iis,
1697 601 1820 647 quae
1851 588 1953 634 iam

197 659 258 702 19
285 659 475 718 dixerit,
514 674 800 720 repugnare.
853 659 904 704 id
945 659 985 705 si
1024 675 1123 705 non
1169 660 1425 721 contingit,
1480 659 1679 705 relicum
1736 660 1843 718 erit,
1895 662 1954 706 ut

283 748 393 779 eum
432 732 563 779 nolle
605 732 761 778 dicere
801 732 1115 780 manifestum
1155 734 1232 790 sit,
1278 731 1752 795 protrahendusque,
1799 735 1858 779 ut
1900 735 1954 778 in

284 806 466 866 aliquo,
494 806 624 866 quod
656 806 735 852 vel
768 809 905 852 extra
938 821 1135 852 causam
1161 805 1238 865 sit,
1272 805 1677 866 deprehendatur,
1715 806 1952 853 tenendus

286 880 437 925 etiam
477 879 677 938 diutius,
717 880 774 925 ut
805 880 968 925 omnia
1002 895 1057 925 ac
1089 879 1247 939 plura,
1288 895 1433 939 quam
1466 895 1541 926 res
1574 878 1832 939 desiderat,
1863 894 1952 940 pro

281 968 364 999 reo
405 951 608 999 dicendo
649 956 900 1013 suspectus
939 952 1094 999 iudici
1133 952 1240 998 fiat:
1282 968 1376 1012 quo
1416 968 1515 999 non
1545 953 1707 1000 minus
1746 953 1953 1012 nocebit,

194 1024 259 1068 20
285 1041 433 1087 quam
473 1026 514 1072 si
553 1042 669 1073 vera
706 1026 758 1072 in
797 1042 934 1072 reum
975 1025 1188 1072 dixisset.
1231 1030 1280 1072 at
1321 1027 1376 1084 si,
1423 1026 1552 1086 quod
1592 1026 1801 1073 secundo
1847 1027 1953 1073 loco

284 1099 508 1158 diximus,
548 1100 732 1146 nesciet
772 1102 921 1159 actor,
963 1099 1081 1159 quid
1110 1100 1353 1160 propositi
1383 1099 1524 1146 testis
1558 1100 1796 1159 attulerit,
1834 1115 1953 1160 pau-

284 1172 427 1218 latim
467 1175 528 1232 et,
577 1175 635 1219 ut
675 1172 876 1237 dicitur,
921 1173 1221 1233 pedetentim
1274 1172 1622 1234 interrogando
1679 1175 1954 1233 experietur

287 1246 507 1292 animum
547 1248 648 1292 eius
690 1249 737 1292 et
778 1246 839 1292 ad
879 1246 930 1292 id
976 1261 1284 1306 responsum,
1334 1246 1465 1306 quod
1510 1246 1800 1292 eliciendum
1846 1248 1953 1305 erit,

197 1318 255 1361 21
283 1335 371 1379 per
410 1319 590 1382 gradus
631 1319 786 1365 ducet.
828 1320 912 1366 sed
953 1321 1069 1380 quia
1101 1335 1468 1379 nonnumquam
1501 1321 1614 1365 sunt
1637 1320 1728 1366 hae
1761 1335 1954 1380 quoque

282 1393 485 1439 testium
525 1396 668 1451 artes,
709 1395 766 1439 ut
803 1393 963 1453 primo
1005 1392 1067 1439 ad
1105 1393 1412 1439 voluntatem
1461 1393 1811 1452 respondeant,
1859 1409 1953 1453 quo

282 1467 466 1512 maiore
507 1466 599 1512 fide
640 1466 833 1513 diversa
872 1470 1044 1527 postea
1092 1466 1279 1524 dicant,
1328 1470 1399 1513 est
1439 1467 1634 1525 actoris,
1674 1468 1955 1527 suspectum

284 1542 473 1598 testem,
514 1539 628 1585 dum
668 1539 879 1600 prodest,
918 1540 1177 1586 dimittere.

195 1611 257 1655 22
394 1612 718 1659 Patronorum
764 1614 817 1659 in
863 1616 1003 1675 parte
1059 1613 1350 1674 expeditior,
1404 1614 1456 1658 in
1509 1616 1649 1673 parte
1704 1612 1956 1660 difficilior

282 1687 603 1749 interrogatio
637 1690 721 1733 est.
757 1686 1004 1734 difficilior
1033 1688 1139 1746 hoc,
1180 1686 1312 1746 quod
1342 1701 1452 1732 raro
1486 1702 1719 1747 umquam
1750 1690 1956 1747 possunt

285 1763 396 1806 ante
444 1760 681 1806 iudicium
730 1762 850 1807 scire
903 1761 1020 1821 quid
1070 1762 1211 1807 testis
1268 1760 1483 1807 dicturus
1536 1761 1614 1819 sit,
1669 1760 1954 1822 expeditior,

197 1831 258 1876 23
287 1832 429 1893 quod,
470 1849 578 1880 cum
616 1835 994 1897 interrogandus
1035 1840 1121 1892 est,
1170 1836 1329 1881 sciunt
1371 1832 1486 1893 quid
1527 1833 1717 1880 dixerit.
1772 1836 1954 1894 itaque,

285 1906 417 1966 quod
447 1908 498 1952 in
532 1922 587 1953 eo
619 1908 860 1954 incertum
893 1911 978 1967 est,
1019 1922 1135 1954 cura
1162 1910 1210 1954 et
1233 1907 1552 1967 inquisitione
1579 1922 1700 1968 opus
1726 1910 1812 1966 est,
1847 1908 1954 1968 quis

283 1996 420 2027 reum
459 1983 664 2041 premat,
705 1997 826 2041 quas
868 1985 915 2028 et
956 1981 1130 2042 quibus
1165 1998 1219 2028 ex
1253 1982 1412 2028 causis
1444 1981 1729 2027 inimicitias
1760 1981 1953 2041 habeat,
2002 1998 2022 2029 5

286 2069 437 2114 eaque
477 2055 526 2099 in
569 2056 789 2100 oratione
829 2054 1154 2116 praedicenda
1195 2057 1341 2115 atque
1375 2054 1651 2101 amolienda
1684 2057 1812 2113 sunt,
1853 2056 1953 2101 sive

286 2127 396 2173 odio
415 2127 648 2174 conflatos
666 2131 813 2175 testes
833 2130 933 2175 sive
952 2128 1140 2174 invidia
1159 2129 1258 2174 sive
1277 2129 1439 2189 gratia
1457 2129 1558 2174 sive
1576 2128 1783 2188 pecunia
1799 2128 1955 2175 videri

285 2201 523 2247 volumus.
566 2204 612 2247 et
653 2201 692 2248 si
725 2201 977 2248 deficietur
1015 2217 1215 2248 numero
1255 2217 1367 2262 pars
1394 2201 1600 2261 diversa,
1639 2201 1955 2261 paucitatem,

286 2275 326 2320 si
359 2273 642 2333 abundabit,
675 2277 1099 2335 conspirationem,
1133 2277 1174 2322 si
1197 2275 1396 2322 humilis
1420 2275 1670 2335 producet,
1695 2276 1954 2334 vilitatem,

199 2346 261 2390 24
287 2348 328 2393 si
367 2350 605 2407 potentes,
646 2350 858 2410 gratiam
900 2349 1146 2409 oportebit
1183 2349 1435 2395 incessere.
1482 2349 1592 2409 plus
1631 2351 1797 2395 tamen
1842 2364 1953 2410 pro-

287 2421 411 2466 derit
453 2435 637 2478 causas,
677 2425 880 2482 propter
920 2438 1040 2482 quas
1079 2438 1217 2468 reum
1255 2421 1468 2484 laedant,
1520 2437 1779 2482 exponere:
1831 2437 1954 2482 quae

288 2497 401 2540 sunt
425 2496 591 2541 variae
618 2490 710 2558 [et]
745 2511 833 2556 pro
860 2496 1142 2542 condicione
1176 2497 1409 2556 cuiusque
1434 2495 1537 2542 litis
1564 2498 1650 2542 aut
1672 2495 1952 2557 litigatoris.

410 2640 429 2675 1
467 2634 727 2690 colligimus
762 2637 780 2677 i
809 2649 830 2677 e
863 2633 1218 2690 συλλογιζόμεθα
1251 2636 1302 2688 cf
1325 2635 1366 2677 H
1399 2639 1467 2687 20,
1494 2640 1518 2677 5
1552 2634 1614 2676 ΙΠ
1646 2639 1685 2687 6,
1714 2639 1797 2678 103
1822 2641 1885 2679 etc

289 2698 312 2735 6
345 2692 417 2734 illi
449 2707 516 2736 om
541 2701 585 2735 B
705 2698 726 2735 7
763 2693 960 2749 contigit
982 2702 1018 2735 Α
1045 2695 1210 2749 probat
1241 2695 1409 2736 Becher
1529 2697 1552 2735 9
1587 2694 1711 2748 quod
1743 2708 1811 2737 om
1843 2694 1951 2751 BPf

290 2765 476 2794 causam
508 2753 569 2794 sit
600 2760 655 2794 A:
691 2765 852 2794 causas
884 2760 929 2794 Β
959 2765 1147 2795 causam
1181 2761 1223 2794 P
1399 2757 1452 2795 15
1487 2755 1532 2795 et
1564 2767 1632 2796 om
1663 2753 1769 2794 31²²

292 2814 344 2852 18
379 2810 546 2852 actoris
572 2812 768 2868 Regius:
793 2811 986 2854 oratoris
1109 2816 1162 2853 24
1188 2812 1236 2853 in
1254 2824 1320 2858 eo,
1346 2811 1469 2866 quod
1494 2819 1538 2853 P
1655 2816 1708 2853 ⁶25
1742 2824 1797 2854 ex
1820 2825 1887 2854 om
1914 2819 1960 2853 B

406 2873 460 2911 28
493 2871 539 2912 et
570 2883 639 2912 om
670 2877 706 2910 A

1978 897 2022 927 10

1979 1263 2022 1295 15

1980 1632 2024 1663 20

1980 2366 2024 2397 30
