<?xml version="1.0" encoding="UTF-8"?>
<!DOCTYPE html PUBLIC "-//W3C//DTD XHTML 1.0 Transitional//EN"
    "http://www.w3.org/TR/xhtml1/DTD/xhtml1-transitional.dtd">
<html xmlns="http://www.w3.org/1999/xhtml" xml:lang="en" lang="en">
 <head>
  <title>
</title>
<meta http-equiv="Content-Type" content="text/html;charset=utf-8" />
  <meta name='ocr-system' content='tesseract 3.04.00' />
  <meta name='ocr-capabilities' content='ocr_page ocr_carea ocr_par ocr_line ocrx_word'/>
</head>
<body>
  <div class='ocr_page' id='page_1' title='image "./institvtionisora00quinuoft/institvtionisora00quinuoft_0149.png"; bbox 0 0 2055 3130; ppageno 0'>
   <div class='ocr_carea' id='block_1_1' title="bbox 768 109 1784 164">
    <p class='ocr_par' dir='ltr' id='par_1_1' title="bbox 768 109 1784 164">
     <span class='ocr_line' id='line_1_1' title="bbox 768 109 1784 164; baseline 0.014 -13"><span class='ocrx_word' id='word_1_1' title='bbox 768 109 844 152; x_wconf 82' lang='grc' dir='ltr'>ΠΙ.</span> <span class='ocrx_word' id='word_1_2' title='bbox 881 115 920 164; x_wconf 87' lang='lat'>1,</span> <span class='ocrx_word' id='word_1_3' title='bbox 953 114 1110 153; x_wconf 83' lang='lat'>5—16.</span> <span class='ocrx_word' id='word_1_4' title='bbox 1680 113 1784 164; x_wconf 74' lang='lat'>129</span> 
     </span>
    </p>
   </div>
   <div class='ocr_carea' id='block_1_2' title="bbox 97 249 1871 532">
    <p class='ocr_par' dir='ltr' id='par_1_2' title="bbox 97 249 1871 532">
     <span class='ocr_line' id='line_1_2' title="bbox 98 249 1871 313; baseline 0 -17"><span class='ocrx_word' id='word_1_5' title='bbox 98 250 273 297; x_wconf 89' lang='lat' dir='ltr'>meden</span> <span class='ocrx_word' id='word_1_6' title='bbox 302 251 447 298; x_wconf 91' lang='lat' dir='ltr'>Plato</span> <span class='ocrx_word' id='word_1_7' title='bbox 473 250 706 311; x_wconf 89' lang='lat' dir='ltr'>appellat,</span> <span class='ocrx_word' id='word_1_8' title='bbox 739 249 1023 296; x_wconf 79' lang='lat' dir='ltr'>Alcidamas</span> <span class='ocrx_word' id='word_1_9' title='bbox 1049 250 1254 296; x_wconf 89' lang='lat' dir='ltr'>Elaites.</span> <span class='ocrx_word' id='word_1_10' title='bbox 1295 250 1552 310; x_wconf 78' lang='lat' dir='ltr'>Antiphon</span> <span class='ocrx_word' id='word_1_11' title='bbox 1578 267 1785 313; x_wconf 87' lang='lat' dir='ltr'>quoque,</span> <span class='ocrx_word' id='word_1_12' title='bbox 1812 253 1871 297; x_wconf 96' lang='grc'>11</span> 
     </span>
     <span class='ocr_line' id='line_1_3' title="bbox 97 320 1784 387; baseline 0.001 -16"><span class='ocrx_word' id='word_1_13' title='bbox 97 320 255 387; x_wconf 81' lang='lat' dir='ltr'>&lt;qui&gt;</span> <span class='ocrx_word' id='word_1_14' title='bbox 281 328 330 371; x_wconf 93' lang='lat' dir='ltr'>et</span> <span class='ocrx_word' id='word_1_15' title='bbox 353 326 626 371; x_wconf 90' lang='lat' dir='ltr'>orat-ionem</span> <span class='ocrx_word' id='word_1_16' title='bbox 656 325 844 384; x_wconf 91' lang='lat' dir='ltr'>primus</span> <span class='ocrx_word' id='word_1_17' title='bbox 878 324 1097 370; x_wconf 91' lang='lat' dir='ltr'>omnium</span> <span class='ocrx_word' id='word_1_18' title='bbox 1122 325 1321 384; x_wconf 88' lang='lat' dir='ltr'>scripsit</span> <span class='ocrx_word' id='word_1_19' title='bbox 1353 327 1402 371; x_wconf 91' lang='lat' dir='ltr'>et</span> <span class='ocrx_word' id='word_1_20' title='bbox 1432 326 1589 372; x_wconf 90' lang='lat' dir='ltr'>nihilo</span> <span class='ocrx_word' id='word_1_21' title='bbox 1621 327 1784 373; x_wconf 89' lang='lat' dir='ltr'>minus</span> 
     </span>
     <span class='ocr_line' id='line_1_4' title="bbox 99 398 1782 459; baseline 0 -14"><span class='ocrx_word' id='word_1_22' title='bbox 99 402 256 445; x_wconf 85' lang='lat' dir='ltr'>artem</span> <span class='ocrx_word' id='word_1_23' title='bbox 295 402 344 445; x_wconf 88' lang='lat' dir='ltr'>et</span> <span class='ocrx_word' id='word_1_24' title='bbox 381 399 487 458; x_wconf 90' lang='lat' dir='ltr'>ipse</span> <span class='ocrx_word' id='word_1_25' title='bbox 528 399 805 458; x_wconf 87' lang='lat' dir='ltr'>composuit</span> <span class='ocrx_word' id='word_1_26' title='bbox 846 401 894 444; x_wconf 88' lang='lat' dir='ltr'>et</span> <span class='ocrx_word' id='word_1_27' title='bbox 931 414 1021 458; x_wconf 89' lang='lat' dir='ltr'>pro</span> <span class='ocrx_word' id='word_1_28' title='bbox 1063 412 1115 444; x_wconf 90' lang='lat' dir='ltr'>se</span> <span class='ocrx_word' id='word_1_29' title='bbox 1153 398 1333 445; x_wconf 76' lang='lat' dir='ltr'>dixisse</span> <span class='ocrx_word' id='word_1_30' title='bbox 1366 401 1550 459; x_wconf 87' lang='lat' dir='ltr'>optime</span> <span class='ocrx_word' id='word_1_31' title='bbox 1584 402 1658 447; x_wconf 90' lang='lat' dir='ltr'>est</span> <span class='ocrx_word' id='word_1_32' title='bbox 1683 415 1782 446; x_wconf 89' lang='lat' dir='ltr'>cre-</span> 
     </span>
     <span class='ocr_line' id='line_1_5' title="bbox 97 471 1782 532; baseline 0.001 -14"><span class='ocrx_word' id='word_1_33' title='bbox 97 472 242 519; x_wconf 85' lang='lat' dir='ltr'>ditus.</span> <span class='ocrx_word' id='word_1_34' title='bbox 284 473 434 519; x_wconf 89' lang='lat' dir='ltr'>etiam</span> <span class='ocrx_word' id='word_1_35' title='bbox 473 471 772 532; x_wconf 82' lang='lat' dir='ltr'>PolycrateS,</span> <span class='ocrx_word' id='word_1_36' title='bbox 815 487 844 518; x_wconf 92' lang='lat' dir='ltr'>a</span> <span class='ocrx_word' id='word_1_37' title='bbox 884 487 982 531; x_wconf 88' lang='lat' dir='ltr'>quo</span> <span class='ocrx_word' id='word_1_38' title='bbox 1022 473 1257 531; x_wconf 74' lang='lat' dir='ltr'>scriptam</span> <span class='ocrx_word' id='word_1_39' title='bbox 1297 473 1350 518; x_wconf 94' lang='lat' dir='ltr'>in</span> <span class='ocrx_word' id='word_1_40' title='bbox 1391 471 1627 520; x_wconf 77' lang='lat' dir='ltr'>Socraten</span> <span class='ocrx_word' id='word_1_41' title='bbox 1660 473 1782 520; x_wconf 78' lang='lat' dir='ltr'>dixi-</span> 
     </span>
    </p>
   </div>
   <div class='ocr_carea' id='block_1_3' title="bbox 50 544 1782 608">
    <p class='ocr_par' dir='ltr' id='par_1_3' title="bbox 50 544 1782 608">
     <span class='ocr_line' id='line_1_6' title="bbox 50 544 1782 608; baseline 0.001 -14"><span class='ocrx_word' id='word_1_42' title='bbox 50 563 68 595; x_wconf 85' lang='lat'>5</span> <span class='ocrx_word' id='word_1_43' title='bbox 96 562 204 593; x_wconf 92' lang='lat' dir='ltr'>mus</span> <span class='ocrx_word' id='word_1_44' title='bbox 233 547 521 605; x_wconf 86' lang='lat' dir='ltr'>orationem,</span> <span class='ocrx_word' id='word_1_45' title='bbox 547 550 595 592; x_wconf 79' lang='lat' dir='ltr'>et·</span> <span class='ocrx_word' id='word_1_46' title='bbox 619 544 903 592; x_wconf 89' lang='lat' dir='ltr'>Theodorus</span> <span class='ocrx_word' id='word_1_47' title='bbox 928 545 1214 606; x_wconf 75' lang='lat' dir='ltr'>Byzantius,</span> <span class='ocrx_word' id='word_1_48' title='bbox 1241 561 1299 592; x_wconf 78' lang='lat' dir='ltr'>ex</span> <span class='ocrx_word' id='word_1_49' title='bbox 1329 547 1391 593; x_wconf 83' lang='lat' dir='ltr'>iis</span> <span class='ocrx_word' id='word_1_50' title='bbox 1426 550 1475 593; x_wconf 86' lang='lat' dir='ltr'>et</span> <span class='ocrx_word' id='word_1_51' title='bbox 1505 549 1624 607; x_wconf 90' lang='lat' dir='ltr'>ipse,</span> <span class='ocrx_word' id='word_1_52' title='bbox 1659 563 1782 608; x_wconf 90' lang='lat' dir='ltr'>quos</span> 
     </span>
    </p>
   </div>
   <div class='ocr_carea' id='block_1_4' title="bbox 25 933 67 965">
    <p class='ocr_par' dir='ltr' id='par_1_4' title="bbox 25 933 67 965">
     <span class='ocr_line' id='line_1_7' title="bbox 25 933 67 965; baseline 0.024 -1"><span class='ocrx_word' id='word_1_53' title='bbox 25 933 67 965; x_wconf 88' lang='grc'>10</span> 
     </span>
    </p>
   </div>
   <div class='ocr_carea' id='block_1_5' title="bbox 0 1515 66 3130">
    <p class='ocr_par' dir='ltr' id='par_1_5' title="bbox 0 1515 66 3130">
     <span class='ocr_line' id='line_1_8' title="bbox 0 1515 66 3130; baseline 0 0"><span class='ocrx_word' id='word_1_54' title='bbox 0 1515 66 3130; x_wconf 95' lang='lat' dir='ltr'> </span> 
     </span>
    </p>
   </div>
   <div class='ocr_carea' id='block_1_6' title="bbox 90 618 1869 1276">
    <p class='ocr_par' dir='ltr' id='par_1_6' title="bbox 90 618 1869 1276">
     <span class='ocr_line' id='line_1_9' title="bbox 97 618 1869 682; baseline 0 -17"><span class='ocrx_word' id='word_1_55' title='bbox 97 619 241 667; x_wconf 89' lang='lat' dir='ltr'>Plato</span> <span class='ocrx_word' id='word_1_56' title='bbox 275 619 493 680; x_wconf 86' lang='lat' dir='ltr'>appellat</span> <span class='ocrx_word' id='word_1_57' title='bbox 527 618 920 682; x_wconf 74' lang='grc' dir='ltr'><em>λογοδαιδάλους.</em></span> <span class='ocrx_word' id='word_1_58' title='bbox 961 620 1137 666; x_wconf 90' lang='lat' dir='ltr'>horum</span> <span class='ocrx_word' id='word_1_59' title='bbox 1168 619 1319 680; x_wconf 84' lang='lat' dir='ltr'>primi</span> <span class='ocrx_word' id='word_1_60' title='bbox 1351 623 1622 667; x_wconf 89' lang='lat' dir='ltr'>communis</span> <span class='ocrx_word' id='word_1_61' title='bbox 1646 622 1778 669; x_wconf 88' lang='lat' dir='ltr'>locos</span> <span class='ocrx_word' id='word_1_62' title='bbox 1809 622 1869 665; x_wconf 78' lang='lat'>12-</span> 
     </span>
     <span class='ocr_line' id='line_1_10' title="bbox 94 692 1780 756; baseline 0.001 -16"><span class='ocrx_word' id='word_1_63' title='bbox 94 696 333 741; x_wconf 88' lang='lat' dir='ltr'>tractasse</span> <span class='ocrx_word' id='word_1_64' title='bbox 371 693 603 740; x_wconf 91' lang='lat' dir='ltr'>dicuntur</span> <span class='ocrx_word' id='word_1_65' title='bbox 641 692 953 756; x_wconf 82' lang='lat' dir='ltr'>Protagoras,</span> <span class='ocrx_word' id='word_1_66' title='bbox 995 692 1220 755; x_wconf 80' lang='lat' dir='ltr'>Gorgias,</span> <span class='ocrx_word' id='word_1_67' title='bbox 1262 694 1482 742; x_wconf 89' lang='lat' dir='ltr'>adfectus</span> <span class='ocrx_word' id='word_1_68' title='bbox 1530 695 1780 755; x_wconf 90' lang='lat' dir='ltr'>Prodicus,</span> 
     </span>
     <span class='ocr_line' id='line_1_11' title="bbox 94 766 1782 830; baseline 0.002 -17"><span class='ocrx_word' id='word_1_69' title='bbox 94 767 306 829; x_wconf 89' lang='lat' dir='ltr'>Hippias</span> <span class='ocrx_word' id='word_1_70' title='bbox 347 770 396 814; x_wconf 89' lang='lat' dir='ltr'>et</span> <span class='ocrx_word' id='word_1_71' title='bbox 433 766 566 813; x_wconf 87' lang='lat' dir='ltr'>idem</span> <span class='ocrx_word' id='word_1_72' title='bbox 605 767 903 830; x_wconf 85' lang='lat' dir='ltr'>Protagoras</span> <span class='ocrx_word' id='word_1_73' title='bbox 954 770 1002 814; x_wconf 90' lang='lat' dir='ltr'>et</span> <span class='ocrx_word' id='word_1_74' title='bbox 1051 768 1460 829; x_wconf 77' lang='lat' dir='ltr'>Thrasymachus.</span> <span class='ocrx_word' id='word_1_75' title='bbox 1513 768 1681 816; x_wconf 87' lang='lat' dir='ltr'>Cicero</span> <span class='ocrx_word' id='word_1_76' title='bbox 1728 772 1782 816; x_wconf 92' lang='lat' dir='ltr'>in</span> 
     </span>
     <span class='ocr_line' id='line_1_12' title="bbox 93 840 1780 904; baseline 0.002 -17"><span class='ocrx_word' id='word_1_77' title='bbox 93 842 249 889; x_wconf 88' lang='lat' dir='ltr'>Bruto</span> <span class='ocrx_word' id='word_1_78' title='bbox 288 844 437 904; x_wconf 88' lang='lat' dir='ltr'>negat</span> <span class='ocrx_word' id='word_1_79' title='bbox 462 844 575 888; x_wconf 90' lang='lat' dir='ltr'>ante</span> <span class='ocrx_word' id='word_1_80' title='bbox 615 840 835 888; x_wconf 90' lang='lat' dir='ltr'>Periclea</span> <span class='ocrx_word' id='word_1_81' title='bbox 868 843 1108 902; x_wconf 88' lang='lat' dir='ltr'>scriptum</span> <span class='ocrx_word' id='word_1_82' title='bbox 1149 841 1433 903; x_wconf 86' lang='lat' dir='ltr'>quidquam,</span> <span class='ocrx_word' id='word_1_83' title='bbox 1475 843 1605 904; x_wconf 90' lang='lat' dir='ltr'>quod</span> <span class='ocrx_word' id='word_1_84' title='bbox 1638 860 1780 890; x_wconf 86' lang='lat' dir='ltr'>orna-</span> 
     </span>
     <span class='ocr_line' id='line_1_13' title="bbox 92 915 1780 978; baseline 0.002 -17"><span class='ocrx_word' id='word_1_85' title='bbox 92 918 200 961; x_wconf 93' lang='lat' dir='ltr'>tum</span> <span class='ocrx_word' id='word_1_86' title='bbox 251 917 524 962; x_wconf 88' lang='lat' dir='ltr'>oratorium</span> <span class='ocrx_word' id='word_1_87' title='bbox 577 915 781 963; x_wconf 88' lang='lat' dir='ltr'>habeat:</span> <span class='ocrx_word' id='word_1_88' title='bbox 834 918 936 963; x_wconf 91' lang='lat' dir='ltr'>eius</span> <span class='ocrx_word' id='word_1_89' title='bbox 991 916 1161 976; x_wconf 86' lang='lat' dir='ltr'>aliqua</span> <span class='ocrx_word' id='word_1_90' title='bbox 1216 917 1345 962; x_wconf 88' lang='lat' dir='ltr'>ferri.</span> <span class='ocrx_word' id='word_1_91' title='bbox 1404 917 1630 978; x_wconf 83' lang='lat' dir='ltr'>equidem</span> <span class='ocrx_word' id='word_1_92' title='bbox 1681 935 1780 966; x_wconf 87' lang='lat' dir='ltr'>non</span> 
     </span>
     <span class='ocr_line' id='line_1_14' title="bbox 91 989 1778 1054; baseline 0.002 -19"><span class='ocrx_word' id='word_1_93' title='bbox 91 991 282 1050; x_wconf 84' lang='lat' dir='ltr'>reperio</span> <span class='ocrx_word' id='word_1_94' title='bbox 323 989 595 1051; x_wconf 87' lang='lat' dir='ltr'>quidquam</span> <span class='ocrx_word' id='word_1_95' title='bbox 625 992 768 1036; x_wconf 88' lang='lat' dir='ltr'>tanta</span> <span class='ocrx_word' id='word_1_96' title='bbox 802 990 1110 1051; x_wconf 87' lang='lat' dir='ltr'>eloquentiae</span> <span class='ocrx_word' id='word_1_97' title='bbox 1144 990 1279 1037; x_wconf 88' lang='lat' dir='ltr'>fama</span> <span class='ocrx_word' id='word_1_98' title='bbox 1312 990 1529 1053; x_wconf 89' lang='lat' dir='ltr'>dignum,</span> <span class='ocrx_word' id='word_1_99' title='bbox 1569 992 1778 1054; x_wconf 87' lang='lat' dir='ltr'>ideoque</span> 
     </span>
     <span class='ocr_line' id='line_1_15' title="bbox 90 1063 1778 1126; baseline 0.002 -16"><span class='ocrx_word' id='word_1_100' title='bbox 90 1065 255 1111; x_wconf 86' lang='lat' dir='ltr'>minus</span> <span class='ocrx_word' id='word_1_101' title='bbox 294 1065 449 1110; x_wconf 90' lang='lat' dir='ltr'>miror</span> <span class='ocrx_word' id='word_1_102' title='bbox 488 1079 604 1123; x_wconf 82' lang='lat' dir='ltr'>esse,</span> <span class='ocrx_word' id='word_1_103' title='bbox 646 1066 733 1124; x_wconf 87' lang='lat' dir='ltr'>qui</span> <span class='ocrx_word' id='word_1_104' title='bbox 770 1064 896 1111; x_wconf 80' lang='lat' dir='ltr'>nihil</span> <span class='ocrx_word' id='word_1_105' title='bbox 937 1063 997 1111; x_wconf 90' lang='lat' dir='ltr'>ab</span> <span class='ocrx_word' id='word_1_106' title='bbox 1039 1080 1093 1111; x_wconf 93' lang='lat' dir='ltr'>eo</span> <span class='ocrx_word' id='word_1_107' title='bbox 1135 1066 1374 1124; x_wconf 87' lang='lat' dir='ltr'>scriptum</span> <span class='ocrx_word' id='word_1_108' title='bbox 1413 1069 1602 1126; x_wconf 86' lang='lat' dir='ltr'>putent,</span> <span class='ocrx_word' id='word_1_109' title='bbox 1658 1066 1778 1114; x_wconf 89' lang='lat' dir='ltr'>haec</span> 
     </span>
     <span class='ocr_line' id='line_1_16' title="bbox 92 1138 1864 1199; baseline -0.001 -15"><span class='ocrx_word' id='word_1_110' title='bbox 92 1140 269 1196; x_wconf 86' lang='lat' dir='ltr'>autem,</span> <span class='ocrx_word' id='word_1_111' title='bbox 311 1153 436 1198; x_wconf 89' lang='lat' dir='ltr'>quae</span> <span class='ocrx_word' id='word_1_112' title='bbox 475 1139 713 1198; x_wconf 84' lang='lat' dir='ltr'>feruntur,</span> <span class='ocrx_word' id='word_1_113' title='bbox 755 1138 816 1184; x_wconf 89' lang='lat' dir='ltr'>ab</span> <span class='ocrx_word' id='word_1_114' title='bbox 857 1139 970 1186; x_wconf 89' lang='lat' dir='ltr'>aliis</span> <span class='ocrx_word' id='word_1_115' title='bbox 1011 1153 1112 1186; x_wconf 87' lang='lat' dir='ltr'>esse</span> <span class='ocrx_word' id='word_1_116' title='bbox 1155 1141 1440 1199; x_wconf 86' lang='lat' dir='ltr'>composita.</span> <span class='ocrx_word' id='word_1_117' title='bbox 1481 1139 1558 1187; x_wconf 92' lang='lat' dir='ltr'>his</span> <span class='ocrx_word' id='word_1_118' title='bbox 1590 1156 1776 1188; x_wconf 88' lang='lat' dir='ltr'>succes·</span> <span class='ocrx_word' id='word_1_119' title='bbox 1804 1140 1864 1183; x_wconf 79' lang='lat'>13</span> 
     </span>
     <span class='ocr_line' id='line_1_17' title="bbox 90 1211 1776 1276; baseline 0.002 -18"><span class='ocrx_word' id='word_1_120' title='bbox 90 1227 193 1258; x_wconf 88' lang='lat' dir='ltr'>sere</span> <span class='ocrx_word' id='word_1_121' title='bbox 216 1212 377 1271; x_wconf 86' lang='lat' dir='ltr'>multi,</span> <span class='ocrx_word' id='word_1_122' title='bbox 411 1212 496 1259; x_wconf 92' lang='lat' dir='ltr'>sed</span> <span class='ocrx_word' id='word_1_123' title='bbox 521 1213 820 1260; x_wconf 87' lang='lat' dir='ltr'>clarissimus</span> <span class='ocrx_word' id='word_1_124' title='bbox 847 1211 1059 1276; x_wconf 82' lang='lat' dir='ltr'>Gorgiae</span> <span class='ocrx_word' id='word_1_125' title='bbox 1086 1213 1284 1259; x_wconf 80' lang='lat' dir='ltr'>auditor</span> <span class='ocrx_word' id='word_1_126' title='bbox 1307 1212 1572 1274; x_wconf 73' lang='lat' dir='ltr'>Isocrates,</span> <span class='ocrx_word' id='word_1_127' title='bbox 1605 1230 1776 1275; x_wconf 88' lang='lat' dir='ltr'>quam-</span> 
     </span>
    </p>
   </div>
   <div class='ocr_carea' id='block_1_7' title="bbox 43 1286 1772 1347">
    <p class='ocr_par' dir='ltr' id='par_1_7' title="bbox 43 1286 1772 1347">
     <span class='ocr_line' id='line_1_18' title="bbox 43 1286 1772 1347; baseline 0.001 -12"><span class='ocrx_word' id='word_1_128' title='bbox 43 1303 62 1335; x_wconf 84' lang='lat'>5</span> <span class='ocrx_word' id='word_1_129' title='bbox 91 1302 238 1347; x_wconf 87' lang='lat' dir='ltr'>quam</span> <span class='ocrx_word' id='word_1_130' title='bbox 285 1286 344 1332; x_wconf 93' lang='lat' dir='ltr'>de</span> <span class='ocrx_word' id='word_1_131' title='bbox 390 1288 709 1347; x_wconf 81' lang='lat' dir='ltr'>praeceptore</span> <span class='ocrx_word' id='word_1_132' title='bbox 757 1288 860 1334; x_wconf 86' lang='lat' dir='ltr'>eius</span> <span class='ocrx_word' id='word_1_133' title='bbox 915 1289 1046 1334; x_wconf 87' lang='lat' dir='ltr'>inter</span> <span class='ocrx_word' id='word_1_134' title='bbox 1094 1290 1316 1334; x_wconf 85' lang='lat' dir='ltr'>auctores</span> <span class='ocrx_word' id='word_1_135' title='bbox 1372 1304 1470 1334; x_wconf 92' lang='lat' dir='ltr'>non</span> <span class='ocrx_word' id='word_1_136' title='bbox 1525 1291 1772 1336; x_wconf 81' lang='lat' dir='ltr'>convenit:</span> 
     </span>
    </p>
   </div>
   <div class='ocr_carea' id='block_1_8' title="bbox 86 1360 1864 1650">
    <p class='ocr_par' dir='ltr' id='par_1_8' title="bbox 86 1360 1864 1650">
     <span class='ocr_line' id='line_1_19' title="bbox 88 1360 1864 1410; baseline 0.002 -4"><span class='ocrx_word' id='word_1_137' title='bbox 88 1375 176 1408; x_wconf 89' lang='lat' dir='ltr'>nos</span> <span class='ocrx_word' id='word_1_138' title='bbox 215 1361 384 1407; x_wconf 90' lang='lat' dir='ltr'>tamen</span> <span class='ocrx_word' id='word_1_139' title='bbox 422 1360 685 1409; x_wconf 82' lang='lat' dir='ltr'>Aristoteli</span> <span class='ocrx_word' id='word_1_140' title='bbox 725 1361 982 1408; x_wconf 87' lang='lat' dir='ltr'>credimus.</span> <span class='ocrx_word' id='word_1_141' title='bbox 1023 1362 1138 1408; x_wconf 87' lang='lat' dir='ltr'>hinc</span> <span class='ocrx_word' id='word_1_142' title='bbox 1177 1361 1315 1409; x_wconf 81' lang='lat' dir='ltr'>velut</span> <span class='ocrx_word' id='word_1_143' title='bbox 1354 1362 1576 1410; x_wconf 85' lang='lat' dir='ltr'>diversae</span> <span class='ocrx_word' id='word_1_144' title='bbox 1619 1361 1864 1410; x_wconf 75' lang='lat' dir='ltr'>secari14</span> 
     </span>
     <span class='ocr_line' id='line_1_20' title="bbox 88 1435 1775 1499; baseline 0.002 -18"><span class='ocrx_word' id='word_1_145' title='bbox 88 1438 355 1496; x_wconf 83' lang='lat' dir='ltr'>coeperunt</span> <span class='ocrx_word' id='word_1_146' title='bbox 397 1436 518 1482; x_wconf 81' lang='lat' dir='ltr'>viae.</span> <span class='ocrx_word' id='word_1_147' title='bbox 559 1451 673 1482; x_wconf 90' lang='lat' dir='ltr'>nam</span> <span class='ocrx_word' id='word_1_148' title='bbox 715 1439 763 1482; x_wconf 89' lang='lat' dir='ltr'>et</span> <span class='ocrx_word' id='word_1_149' title='bbox 801 1435 1035 1483; x_wconf 83' lang='lat' dir='ltr'>Isocratis</span> <span class='ocrx_word' id='word_1_150' title='bbox 1075 1437 1493 1496; x_wconf 87' lang='lat' dir='ltr'>praestantissimi</span> <span class='ocrx_word' id='word_1_151' title='bbox 1541 1437 1775 1499; x_wconf 84' lang='lat' dir='ltr'>discipuli</span> 
     </span>
     <span class='ocr_line' id='line_1_21' title="bbox 86 1509 1773 1572; baseline 0.002 -18"><span class='ocrx_word' id='word_1_152' title='bbox 86 1509 289 1555; x_wconf 84' lang='lat' dir='ltr'>fuerunt</span> <span class='ocrx_word' id='word_1_153' title='bbox 341 1510 396 1555; x_wconf 96' lang='lat' dir='ltr'>in</span> <span class='ocrx_word' id='word_1_154' title='bbox 450 1511 584 1555; x_wconf 88' lang='lat' dir='ltr'>omni</span> <span class='ocrx_word' id='word_1_155' title='bbox 638 1509 915 1557; x_wconf 88' lang='lat' dir='ltr'>studiorum</span> <span class='ocrx_word' id='word_1_156' title='bbox 971 1526 1162 1572; x_wconf 85' lang='lat' dir='ltr'>genere,</span> <span class='ocrx_word' id='word_1_157' title='bbox 1217 1526 1371 1571; x_wconf 88' lang='lat' dir='ltr'>eoque</span> <span class='ocrx_word' id='word_1_158' title='bbox 1427 1511 1528 1557; x_wconf 88' lang='lat' dir='ltr'>iam</span> <span class='ocrx_word' id='word_1_159' title='bbox 1583 1514 1773 1559; x_wconf 87' lang='lat' dir='ltr'>seniore</span> 
     </span>
     <span class='ocr_line' id='line_1_22' title="bbox 86 1575 1772 1650; baseline 0.002 -21"><span class='ocrx_word' id='word_1_160' title='bbox 86 1575 345 1648; x_wconf 80' lang='lat' dir='ltr'>(octavum</span> <span class='ocrx_word' id='word_1_161' title='bbox 385 1585 515 1629; x_wconf 86' lang='lat' dir='ltr'>enim</span> <span class='ocrx_word' id='word_1_162' title='bbox 555 1588 602 1630; x_wconf 88' lang='lat' dir='ltr'>et</span> <span class='ocrx_word' id='word_1_163' title='bbox 642 1586 1053 1647; x_wconf 87' lang='lat' dir='ltr'>nonagensimum</span> <span class='ocrx_word' id='word_1_164' title='bbox 1104 1585 1332 1645; x_wconf 79' lang='lat' dir='ltr'>implevit</span> <span class='ocrx_word' id='word_1_165' title='bbox 1380 1579 1588 1650; x_wconf 79' lang='lat' dir='ltr'>annum)</span> <span class='ocrx_word' id='word_1_166' title='bbox 1637 1593 1772 1647; x_wconf 86' lang='lat' dir='ltr'>post—</span> 
     </span>
    </p>
   </div>
   <div class='ocr_carea' id='block_1_9' title="bbox 18 1656 1773 1719">
    <p class='ocr_par' dir='ltr' id='par_1_9' title="bbox 18 1656 1773 1719">
     <span class='ocr_line' id='line_1_23' title="bbox 18 1656 1773 1719; baseline 0.002 -15"><span class='ocrx_word' id='word_1_167' title='bbox 18 1674 37 1704; x_wconf 66' lang='grc' dir='ltr'>ε</span> <span class='ocrx_word' id='word_1_168' title='bbox 85 1656 372 1704; x_wconf 78' lang='lat' dir='ltr'>meridianis</span> <span class='ocrx_word' id='word_1_169' title='bbox 413 1658 592 1705; x_wconf 89' lang='lat' dir='ltr'>scholis</span> <span class='ocrx_word' id='word_1_170' title='bbox 633 1658 925 1705; x_wconf 85' lang='lat' dir='ltr'>Aristoteles</span> <span class='ocrx_word' id='word_1_171' title='bbox 965 1660 1247 1719; x_wconf 89' lang='lat' dir='ltr'>praecipere</span> <span class='ocrx_word' id='word_1_172' title='bbox 1301 1663 1456 1706; x_wconf 86' lang='lat' dir='ltr'>artem</span> <span class='ocrx_word' id='word_1_173' title='bbox 1504 1662 1773 1707; x_wconf 86' lang='lat' dir='ltr'>oratoriam</span> 
     </span>
    </p>
   </div>
   <div class='ocr_carea' id='block_1_10' title="bbox 82 1732 1773 2017">
    <p class='ocr_par' dir='ltr' id='par_1_10' title="bbox 82 1732 1773 2017">
     <span class='ocr_line' id='line_1_24' title="bbox 86 1732 1771 1793; baseline 0.002 -15"><span class='ocrx_word' id='word_1_174' title='bbox 86 1733 247 1792; x_wconf 86' lang='lat' dir='ltr'>coepit</span> <span class='ocrx_word' id='word_1_175' title='bbox 284 1736 403 1779; x_wconf 86' lang='lat' dir='ltr'>noto</span> <span class='ocrx_word' id='word_1_176' title='bbox 444 1732 643 1793; x_wconf 83' lang='lat' dir='ltr'>quidem</span> <span class='ocrx_word' id='word_1_177' title='bbox 684 1733 786 1791; x_wconf 80' lang='lat' dir='ltr'>illo,</span> <span class='ocrx_word' id='word_1_178' title='bbox 826 1736 883 1779; x_wconf 89' lang='lat' dir='ltr'>ut</span> <span class='ocrx_word' id='word_1_179' title='bbox 920 1733 1151 1791; x_wconf 86' lang='lat' dir='ltr'>traditur,</span> <span class='ocrx_word' id='word_1_180' title='bbox 1203 1748 1348 1780; x_wconf 73' lang='lat' dir='ltr'>versu</span> <span class='ocrx_word' id='word_1_181' title='bbox 1397 1750 1453 1780; x_wconf 77' lang='lat' dir='ltr'>ex</span> <span class='ocrx_word' id='word_1_182' title='bbox 1493 1733 1771 1781; x_wconf 89' lang='lat' dir='ltr'>Philocteta</span> 
     </span>
     <span class='ocr_line' id='line_1_25' title="bbox 84 1803 1773 1868; baseline 0.002 -17"><span class='ocrx_word' id='word_1_183' title='bbox 84 1805 366 1867; x_wconf 84' lang='lat' dir='ltr'>frequenter</span> <span class='ocrx_word' id='word_1_184' title='bbox 425 1821 541 1853; x_wconf 87' lang='lat' dir='ltr'>usus</span> <span class='ocrx_word' id='word_1_185' title='bbox 608 1803 770 1867; x_wconf 71' lang='lat' dir='ltr'>‘turpe</span> <span class='ocrx_word' id='word_1_186' title='bbox 841 1822 943 1854; x_wconf 90' lang='lat' dir='ltr'>esse</span> <span class='ocrx_word' id='word_1_187' title='bbox 1006 1810 1170 1854; x_wconf 88' lang='lat' dir='ltr'>tacere</span> <span class='ocrx_word' id='word_1_188' title='bbox 1233 1812 1283 1854; x_wconf 86' lang='lat' dir='ltr'>et</span> <span class='ocrx_word' id='word_1_189' title='bbox 1350 1807 1602 1855; x_wconf 87' lang='lat' dir='ltr'>Isocraten</span> <span class='ocrx_word' id='word_1_190' title='bbox 1664 1811 1773 1868; x_wconf 89' lang='lat' dir='ltr'>pati</span> 
     </span>
     <span class='ocr_line' id='line_1_26' title="bbox 85 1875 1771 1942; baseline 0.003 -17"><span class='ocrx_word' id='word_1_191' title='bbox 85 1875 279 1927; x_wconf 85' lang='lat' dir='ltr'>dicere&#39;.</span> <span class='ocrx_word' id='word_1_192' title='bbox 321 1895 399 1927; x_wconf 83' lang='lat' dir='ltr'>ars</span> <span class='ocrx_word' id='word_1_193' title='bbox 441 1883 514 1927; x_wconf 89' lang='lat' dir='ltr'>est</span> <span class='ocrx_word' id='word_1_194' title='bbox 552 1883 828 1942; x_wconf 86' lang='lat' dir='ltr'>utriusque,</span> <span class='ocrx_word' id='word_1_195' title='bbox 869 1881 954 1929; x_wconf 90' lang='lat' dir='ltr'>sed</span> <span class='ocrx_word' id='word_1_196' title='bbox 992 1881 1218 1942; x_wconf 85' lang='lat' dir='ltr'>pluribus</span> <span class='ocrx_word' id='word_1_197' title='bbox 1260 1898 1366 1929; x_wconf 87' lang='lat' dir='ltr'>eam</span> <span class='ocrx_word' id='word_1_198' title='bbox 1405 1883 1546 1930; x_wconf 86' lang='lat' dir='ltr'>libris</span> <span class='ocrx_word' id='word_1_199' title='bbox 1578 1884 1771 1930; x_wconf 86' lang='lat' dir='ltr'>Aristo-</span> 
     </span>
     <span class='ocr_line' id='line_1_27' title="bbox 82 1954 1768 2017; baseline 0.002 -17"><span class='ocrx_word' id='word_1_200' title='bbox 82 1954 204 2001; x_wconf 90' lang='lat' dir='ltr'>teles</span> <span class='ocrx_word' id='word_1_201' title='bbox 244 1955 523 2015; x_wconf 81' lang='lat' dir='ltr'>complexus</span> <span class='ocrx_word' id='word_1_202' title='bbox 566 1958 652 2002; x_wconf 85' lang='lat' dir='ltr'>est.</span> <span class='ocrx_word' id='word_1_203' title='bbox 709 1955 879 2003; x_wconf 92' lang='lat' dir='ltr'>eodem</span> <span class='ocrx_word' id='word_1_204' title='bbox 925 1961 1147 2017; x_wconf 88' lang='lat' dir='ltr'>tempore</span> <span class='ocrx_word' id='word_1_205' title='bbox 1199 1956 1498 2004; x_wconf 87' lang='lat' dir='ltr'>Theodectes</span> <span class='ocrx_word' id='word_1_206' title='bbox 1550 1957 1657 2017; x_wconf 87' lang='lat' dir='ltr'>fuit,</span> <span class='ocrx_word' id='word_1_207' title='bbox 1711 1957 1768 2003; x_wconf 86' lang='lat' dir='ltr'>de</span> 
     </span>
    </p>
   </div>
   <div class='ocr_carea' id='block_1_11' title="bbox 15 2027 1855 2092">
    <p class='ocr_par' dir='ltr' id='par_1_11' title="bbox 15 2027 1855 2092">
     <span class='ocr_line' id='line_1_28' title="bbox 15 2027 1855 2092; baseline 0.001 -15"><span class='ocrx_word' id='word_1_208' title='bbox 15 2044 56 2077; x_wconf 78' lang='lat'>25</span> <span class='ocrx_word' id='word_1_209' title='bbox 85 2027 220 2075; x_wconf 91' lang='lat' dir='ltr'>cuius</span> <span class='ocrx_word' id='word_1_210' title='bbox 247 2044 392 2089; x_wconf 87' lang='lat' dir='ltr'>opere</span> <span class='ocrx_word' id='word_1_211' title='bbox 418 2044 567 2090; x_wconf 90' lang='lat' dir='ltr'>supra</span> <span class='ocrx_word' id='word_1_212' title='bbox 593 2029 779 2077; x_wconf 87' lang='lat' dir='ltr'>dictum</span> <span class='ocrx_word' id='word_1_213' title='bbox 813 2034 898 2077; x_wconf 89' lang='lat' dir='ltr'>est.</span> <span class='ocrx_word' id='word_1_214' title='bbox 940 2030 1307 2091; x_wconf 87' lang='lat' dir='ltr'>Theophrastus</span> <span class='ocrx_word' id='word_1_215' title='bbox 1335 2047 1543 2092; x_wconf 86' lang='lat' dir='ltr'>quoque,</span> <span class='ocrx_word' id='word_1_216' title='bbox 1574 2031 1768 2079; x_wconf 81' lang='lat' dir='ltr'>Aristo-</span> <span class='ocrx_word' id='word_1_217' title='bbox 1795 2027 1855 2071; x_wconf 82' lang='lat'>15</span> 
     </span>
    </p>
   </div>
   <div class='ocr_carea' id='block_1_12' title="bbox 82 2102 1855 2314">
    <p class='ocr_par' dir='ltr' id='par_1_12' title="bbox 82 2102 1855 2314">
     <span class='ocr_line' id='line_1_29' title="bbox 82 2102 1767 2167; baseline 0.002 -19"><span class='ocrx_word' id='word_1_218' title='bbox 82 2102 194 2149; x_wconf 82' lang='lat' dir='ltr'>telis</span> <span class='ocrx_word' id='word_1_219' title='bbox 235 2102 520 2163; x_wconf 71' lang='lat' dir='ltr'>discipulus,</span> <span class='ocrx_word' id='word_1_220' title='bbox 561 2103 618 2150; x_wconf 90' lang='lat' dir='ltr'>de</span> <span class='ocrx_word' id='word_1_221' title='bbox 650 2104 893 2151; x_wconf 89' lang='lat' dir='ltr'>rhetorice</span> <span class='ocrx_word' id='word_1_222' title='bbox 926 2104 1189 2167; x_wconf 89' lang='lat' dir='ltr'>diligenter</span> <span class='ocrx_word' id='word_1_223' title='bbox 1221 2106 1432 2166; x_wconf 84' lang='lat' dir='ltr'>scripsit,</span> <span class='ocrx_word' id='word_1_224' title='bbox 1473 2108 1621 2167; x_wconf 89' lang='lat' dir='ltr'>atque</span> <span class='ocrx_word' id='word_1_225' title='bbox 1654 2106 1767 2152; x_wconf 89' lang='lat' dir='ltr'>hinc</span> 
     </span>
     <span class='ocr_line' id='line_1_30' title="bbox 84 2176 1764 2240; baseline 0.003 -19"><span class='ocrx_word' id='word_1_226' title='bbox 84 2176 164 2222; x_wconf 76' lang='lat' dir='ltr'>vel</span> <span class='ocrx_word' id='word_1_227' title='bbox 202 2177 470 2224; x_wconf 86' lang='lat' dir='ltr'>studiosius</span> <span class='ocrx_word' id='word_1_228' title='bbox 502 2178 788 2239; x_wconf 84' lang='lat' dir='ltr'>philosophi</span> <span class='ocrx_word' id='word_1_229' title='bbox 820 2195 969 2239; x_wconf 88' lang='lat' dir='ltr'>quam</span> <span class='ocrx_word' id='word_1_230' title='bbox 999 2180 1219 2226; x_wconf 91' lang='lat' dir='ltr'>rhetores</span> <span class='ocrx_word' id='word_1_231' title='bbox 1250 2179 1611 2240; x_wconf 87' lang='lat' dir='ltr'>praecipueque</span> <span class='ocrx_word' id='word_1_232' title='bbox 1639 2180 1764 2226; x_wconf 81' lang='lat' dir='ltr'>Stoi-</span> 
     </span>
     <span class='ocr_line' id='line_1_31' title="bbox 82 2251 1855 2314; baseline 0.003 -18"><span class='ocrx_word' id='word_1_233' title='bbox 82 2265 249 2297; x_wconf 87' lang='lat' dir='ltr'>corum</span> <span class='ocrx_word' id='word_1_234' title='bbox 304 2267 361 2298; x_wconf 91' lang='lat' dir='ltr'>ac</span> <span class='ocrx_word' id='word_1_235' title='bbox 415 2251 858 2314; x_wconf 86' lang='lat' dir='ltr'>Peripateticorum</span> <span class='ocrx_word' id='word_1_236' title='bbox 908 2254 1169 2314; x_wconf 88' lang='lat' dir='ltr'>principes.</span> <span class='ocrx_word' id='word_1_237' title='bbox 1225 2253 1344 2300; x_wconf 82' lang='lat' dir='ltr'>fec-it</span> <span class='ocrx_word' id='word_1_238' title='bbox 1399 2254 1573 2300; x_wconf 84' lang='lat' dir='ltr'>deinde</span> <span class='ocrx_word' id='word_1_239' title='bbox 1627 2255 1767 2301; x_wconf 76' lang='lat' dir='ltr'>velut</span> <span class='ocrx_word' id='word_1_240' title='bbox 1793 2251 1855 2294; x_wconf 82' lang='grc'>16</span> 
     </span>
    </p>
   </div>
   <div class='ocr_carea' id='block_1_13' title="bbox 76 2351 424 2358">
    <p class='ocr_par' dir='ltr' id='par_1_13' title="bbox 76 2351 424 2358">
     <span class='ocr_line' id='line_1_32' title="bbox 76 2351 424 2358; baseline 0 772"><span class='ocrx_word' id='word_1_241' title='bbox 76 2351 424 2358; x_wconf 95' lang='lat' dir='ltr'> </span> 
     </span>
    </p>
   </div>
   <div class='ocr_carea' id='block_1_14' title="bbox 80 2406 1765 2584">
    <p class='ocr_par' dir='ltr' id='par_1_14' title="bbox 80 2406 1765 2584">
     <span class='ocr_line' id='line_1_33' title="bbox 201 2406 1764 2463; baseline 0.002 -14"><span class='ocrx_word' id='word_1_242' title='bbox 201 2411 226 2449; x_wconf 88' lang='grc'>5</span> <span class='ocrx_word' id='word_1_243' title='bbox 258 2406 320 2451; x_wconf 92' lang='lat' dir='ltr'>ib.</span> <span class='ocrx_word' id='word_1_244' title='bbox 353 2422 384 2463; x_wconf 88' lang='lat' dir='ltr'>p</span> <span class='ocrx_word' id='word_1_245' title='bbox 417 2413 502 2451; x_wconf 78' lang='lat'>266</span> <span class='ocrx_word' id='word_1_246' title='bbox 536 2408 572 2450; x_wconf 89' lang='lat' dir='ltr'>E</span> <span class='ocrx_word' id='word_1_247' title='bbox 607 2435 662 2440; x_wconf 85' lang='lat'><em>-</em></span> <span class='ocrx_word' id='word_1_248' title='bbox 696 2413 722 2452; x_wconf 84' lang='lat'>8</span> <span class='ocrx_word' id='word_1_249' title='bbox 756 2409 828 2452; x_wconf 66' lang='grc' dir='ltr'>ΒΓ.</span> <span class='ocrx_word' id='word_1_250' title='bbox 860 2414 898 2462; x_wconf 83' lang='lat'>7,</span> <span class='ocrx_word' id='word_1_251' title='bbox 928 2414 981 2452; x_wconf 76' lang='lat'>27</span> <span class='ocrx_word' id='word_1_252' title='bbox 1017 2436 1072 2441; x_wconf 85' lang='lat'>——-</span> <span class='ocrx_word' id='word_1_253' title='bbox 1107 2415 1159 2451; x_wconf 69' lang='lat'>21</span> <span class='ocrx_word' id='word_1_254' title='bbox 1197 2409 1246 2452; x_wconf 83' lang='lat' dir='ltr'>cf</span> <span class='ocrx_word' id='word_1_255' title='bbox 1266 2409 1357 2452; x_wconf 87' lang='lat' dir='ltr'>Cic.</span> <span class='ocrx_word' id='word_1_256' title='bbox 1383 2409 1451 2452; x_wconf 90' lang='lat' dir='ltr'>De</span> <span class='ocrx_word' id='word_1_257' title='bbox 1478 2412 1591 2453; x_wconf 85' lang='lat' dir='ltr'>orat.</span> <span class='ocrx_word' id='word_1_258' title='bbox 1621 2414 1660 2463; x_wconf 86' lang='lat'>3,</span> <span class='ocrx_word' id='word_1_259' title='bbox 1695 2413 1764 2463; x_wconf 78' lang='lat'>35,</span> 
     </span>
     <span class='ocr_line' id='line_1_34' title="bbox 86 2466 1765 2526; baseline 0.004 -20"><span class='ocrx_word' id='word_1_260' title='bbox 86 2469 185 2516; x_wconf 78' lang='lat'>141,</span> <span class='ocrx_word' id='word_1_261' title='bbox 216 2466 290 2508; x_wconf 85' lang='lat' dir='ltr'>Ad</span> <span class='ocrx_word' id='word_1_262' title='bbox 313 2467 410 2510; x_wconf 83' lang='lat' dir='ltr'>Att.</span> <span class='ocrx_word' id='word_1_263' title='bbox 439 2473 478 2520; x_wconf 81' lang='lat'>6,</span> <span class='ocrx_word' id='word_1_264' title='bbox 506 2472 545 2522; x_wconf 85' lang='lat'>8,</span> <span class='ocrx_word' id='word_1_265' title='bbox 572 2473 618 2521; x_wconf 77' lang='grc' dir='ltr'>ὃς</span> <span class='ocrx_word' id='word_1_266' title='bbox 653 2468 893 2524; x_wconf 87' lang='lat' dir='ltr'>Euripidis</span> <span class='ocrx_word' id='word_1_267' title='bbox 909 2469 1173 2512; x_wconf 85' lang='lat' dir='ltr'>Philocteta</span> <span class='ocrx_word' id='word_1_268' title='bbox 1192 2469 1495 2526; x_wconf 83' lang='lat' dir='ltr'>significatur,</span> <span class='ocrx_word' id='word_1_269' title='bbox 1530 2469 1579 2512; x_wconf 88' lang='lat' dir='ltr'>cf</span> <span class='ocrx_word' id='word_1_270' title='bbox 1598 2469 1765 2512; x_wconf 74' lang='lat' dir='ltr'>Nauck</span> 
     </span>
     <span class='ocr_line' id='line_1_35' title="bbox 80 2523 843 2584; baseline 0.008 -19"><span class='ocrx_word' id='word_1_271' title='bbox 80 2523 246 2580; x_wconf 81' lang='lat' dir='ltr'>fragm.</span> <span class='ocrx_word' id='word_1_272' title='bbox 279 2527 397 2582; x_wconf 87' lang='lat' dir='ltr'>trag.</span> <span class='ocrx_word' id='word_1_273' title='bbox 433 2526 590 2570; x_wconf 83' lang='lat' dir='ltr'>Graec.</span> <span class='ocrx_word' id='word_1_274' title='bbox 626 2528 783 2584; x_wconf 88' lang='lat' dir='ltr'>adesp.</span> <span class='ocrx_word' id='word_1_275' title='bbox 819 2533 843 2571; x_wconf 80' lang='lat'>8</span> 
     </span>
    </p>
   </div>
   <div class='ocr_carea' id='block_1_15' title="bbox 147 2630 427 2641">
    <p class='ocr_par' dir='ltr' id='par_1_15' title="bbox 147 2630 427 2641">
     <span class='ocr_line' id='line_1_36' title="bbox 147 2630 427 2641; baseline 0 0"><span class='ocrx_word' id='word_1_276' title='bbox 147 2630 427 2641; x_wconf 95' lang='lat' dir='ltr'> </span> 
     </span>
    </p>
   </div>
   <div class='ocr_carea' id='block_1_16' title="bbox 76 2689 1761 2970">
    <p class='ocr_par' dir='ltr' id='par_1_16' title="bbox 76 2689 1761 2970">
     <span class='ocr_line' id='line_1_37' title="bbox 199 2689 1761 2747; baseline 0.003 -18"><span class='ocrx_word' id='word_1_277' title='bbox 199 2692 223 2730; x_wconf 80' lang='lat'>2</span> <span class='ocrx_word' id='word_1_278' title='bbox 257 2689 338 2743; x_wconf 91' lang='lat' dir='ltr'>qui</span> <span class='ocrx_word' id='word_1_279' title='bbox 369 2691 463 2733; x_wconf 82' lang='lat' dir='ltr'>add</span> <span class='ocrx_word' id='word_1_280' title='bbox 496 2690 713 2735; x_wconf 67' lang='lat' dir='ltr'>Clau-§sen</span> <span class='ocrx_word' id='word_1_281' title='bbox 851 2695 874 2734; x_wconf 85' lang='lat'><strong>3</strong></span> <span class='ocrx_word' id='word_1_282' title='bbox 910 2694 957 2734; x_wconf 91' lang='lat' dir='ltr'>et</span> <span class='ocrx_word' id='word_1_283' title='bbox 995 2694 1143 2735; x_wconf 86' lang='lat' dir='ltr'>artem</span> <span class='ocrx_word' id='word_1_284' title='bbox 1181 2692 1283 2747; x_wconf 83' lang='lat' dir='ltr'>ipse</span> <span class='ocrx_word' id='word_1_285' title='bbox 1314 2700 1352 2733; x_wconf 69' lang='lat' dir='ltr'><strong><em>A</em></strong></span> <span class='ocrx_word' id='word_1_286' title='bbox 1492 2697 1514 2734; x_wconf 76' lang='lat'>7</span> <span class='ocrx_word' id='word_1_287' title='bbox 1549 2691 1761 2735; x_wconf 86' lang='lat' dir='ltr'>adfectus</span> 
     </span>
     <span class='ocr_line' id='line_1_38' title="bbox 79 2747 1760 2807; baseline 0.002 -19"><span class='ocrx_word' id='word_1_288' title='bbox 79 2759 149 2789; x_wconf 83' lang='lat' dir='ltr'>om</span> <span class='ocrx_word' id='word_1_289' title='bbox 179 2754 269 2789; x_wconf 88' lang='lat' dir='ltr'>BP</span> <span class='ocrx_word' id='word_1_290' title='bbox 303 2749 308 2803; x_wconf 84' lang='grc' dir='ltr'>Ι</span> <span class='ocrx_word' id='word_1_291' title='bbox 343 2747 565 2792; x_wconf 82' lang='lat' dir='ltr'>Prodicus</span> <span class='ocrx_word' id='word_1_292' title='bbox 598 2750 796 2806; x_wconf 85' lang='lat' dir='ltr'>Hippias</span> <span class='ocrx_word' id='word_1_293' title='bbox 842 2753 888 2794; x_wconf 87' lang='lat' dir='ltr'>et</span> <span class='ocrx_word' id='word_1_294' title='bbox 927 2751 1053 2794; x_wconf 88' lang='lat' dir='ltr'>idem</span> <span class='ocrx_word' id='word_1_295' title='bbox 1083 2751 1362 2807; x_wconf 85' lang='lat' dir='ltr'>Protagoras</span> <span class='ocrx_word' id='word_1_296' title='bbox 1397 2751 1691 2794; x_wconf 85' lang='lat' dir='ltr'>Trasimacus</span> <span class='ocrx_word' id='word_1_297' title='bbox 1723 2759 1760 2792; x_wconf 68' lang='lat' dir='ltr'><strong><em>A</em></strong></span> 
     </span>
     <span class='ocr_line' id='line_1_39' title="bbox 76 2805 1759 2865; baseline 0.004 -19"><span class='ocrx_word' id='word_1_298' title='bbox 76 2805 301 2848; x_wconf 88' lang='lat' dir='ltr'>Prodicus</span> <span class='ocrx_word' id='word_1_299' title='bbox 331 2806 531 2864; x_wconf 90' lang='lat' dir='ltr'>Hippias</span> <span class='ocrx_word' id='word_1_300' title='bbox 572 2812 618 2852; x_wconf 86' lang='lat' dir='ltr'>et</span> <span class='ocrx_word' id='word_1_301' title='bbox 648 2810 773 2853; x_wconf 91' lang='lat' dir='ltr'>idem</span> <span class='ocrx_word' id='word_1_302' title='bbox 804 2810 876 2852; x_wconf 88' lang='lat' dir='ltr'>Pr.</span> <span class='ocrx_word' id='word_1_303' title='bbox 911 2813 958 2854; x_wconf 85' lang='lat' dir='ltr'>et</span> <span class='ocrx_word' id='word_1_304' title='bbox 989 2810 1072 2853; x_wconf 89' lang='lat' dir='ltr'>Th.</span> <span class='ocrx_word' id='word_1_305' title='bbox 1105 2820 1168 2852; x_wconf 76' lang='lat' dir='ltr'>ab</span> <span class='ocrx_word' id='word_1_306' title='bbox 1206 2811 1430 2854; x_wconf 87' lang='lat' dir='ltr'>Prodicus</span> <span class='ocrx_word' id='word_1_307' title='bbox 1475 2814 1522 2853; x_wconf 85' lang='lat' dir='ltr'>et</span> <span class='ocrx_word' id='word_1_308' title='bbox 1561 2810 1759 2865; x_wconf 76' lang='lat' dir='ltr'>Thrasy-</span> 
     </span>
     <span class='ocr_line' id='line_1_40' title="bbox 78 2864 1761 2927; baseline 0.004 -21"><span class='ocrx_word' id='word_1_309' title='bbox 78 2864 270 2907; x_wconf 84' lang='lat' dir='ltr'>machus</span> <span class='ocrx_word' id='word_1_310' title='bbox 301 2873 391 2908; x_wconf 91' lang='lat' dir='ltr'>BP</span> <span class='ocrx_word' id='word_1_311' title='bbox 523 2873 575 2910; x_wconf 89' lang='lat'>11</span> <span class='ocrx_word' id='word_1_312' title='bbox 610 2871 771 2913; x_wconf 86' lang='lat' dir='ltr'>tantae</span> <span class='ocrx_word' id='word_1_313' title='bbox 804 2878 887 2911; x_wconf 76' lang='grc' dir='ltr'>ΑΡ</span> <span class='ocrx_word' id='word_1_314' title='bbox 1029 2874 1082 2912; x_wconf 85' lang='grc'>14</span> <span class='ocrx_word' id='word_1_315' title='bbox 1116 2870 1320 2927; x_wconf 86' lang='lat' dir='ltr'>auditor]</span> <span class='ocrx_word' id='word_1_316' title='bbox 1355 2869 1621 2912; x_wconf 82' lang='lat' dir='ltr'>auditorum</span> <span class='ocrx_word' id='word_1_317' title='bbox 1654 2870 1761 2913; x_wconf 78' lang='lat' dir='ltr'>libri</span> 
     </span>
     <span class='ocr_line' id='line_1_41' title="bbox 198 2925 838 2970; baseline 0.006 -4"><span class='ocrx_word' id='word_1_318' title='bbox 198 2928 250 2966; x_wconf 87' lang='grc'>16</span> <span class='ocrx_word' id='word_1_319' title='bbox 281 2925 439 2968; x_wconf 81' lang='lat' dir='ltr'>tamen</span> <span class='ocrx_word' id='word_1_320' title='bbox 469 2935 528 2970; x_wconf 80' lang='lat' dir='ltr'>A:</span> <span class='ocrx_word' id='word_1_321' title='bbox 561 2930 718 2970; x_wconf 83' lang='lat' dir='ltr'>autem</span> <span class='ocrx_word' id='word_1_322' title='bbox 749 2936 838 2970; x_wconf 87' lang='lat' dir='ltr'>BP</span> 
     </span>
    </p>
   </div>
   <div class='ocr_carea' id='block_1_17' title="bbox 165 3005 1490 3045">
    <p class='ocr_par' dir='ltr' id='par_1_17' title="bbox 165 3005 1490 3045">
     <span class='ocr_line' id='line_1_42' title="bbox 165 3005 1490 3045; baseline 0.005 -8"><span class='ocrx_word' id='word_1_323' title='bbox 165 3005 460 3045; x_wconf 66' lang='lat' dir='ltr'>vaoem1ms</span> <span class='ocrx_word' id='word_1_324' title='bbox 485 3009 545 3040; x_wconf 66' lang='lat' dir='ltr'>ed„</span> <span class='ocrx_word' id='word_1_325' title='bbox 568 3009 930 3042; x_wconf 83' lang='lat' dir='ltr'>Radermacher.</span> <span class='ocrx_word' id='word_1_326' title='bbox 961 3011 990 3042; x_wconf 90' lang='grc' dir='ltr'>Ι.</span> <span class='ocrx_word' id='word_1_327' title='bbox 1466 3006 1490 3044; x_wconf 88' lang='lat'>9</span> 
     </span>
    </p>
   </div>
  </div>
 </body>
</html>
