2007 3120
177 58 247 109 46
674 56 1048 109 QVINTILIANI
1078 57 1228 100 INST.
1262 57 1353 102 ΟΒ.

178 197 338 243 voluit
377 190 463 260 (ad
503 212 613 243 eum
661 197 790 242 enim
829 189 1038 261 scribit),
1078 212 1190 242 cum
1230 197 1439 243 alterum
1478 212 1534 243 ex
1566 195 1749 244 Graeco
1789 198 1855 244 sit

89 271 152 315 38
178 270 493 316 manifestum
526 269 649 328 duci,
691 269 899 316 alterum
932 285 990 315 ex
1020 270 1220 318 vocibus
1253 271 1432 316 avium.
1488 270 1573 317 sed
1602 270 1694 317 hoc
1724 272 1855 318 tanti

178 342 275 389 fuit
324 345 535 401 vertere,
589 344 646 388 ut
699 338 939 402 ‘merula',
996 344 1112 404 quia
1164 343 1268 390 sola
1317 343 1474 403 volat,
1529 343 1670 403 quasi
1719 359 1855 390 mera

178 416 350 462 volans
390 417 739 463 nominaretur.
811 416 1010 476 quidam
1055 431 1152 463 non
1199 416 1487 462 dubitarunt
1527 416 1854 479 etymologiae

180 489 394 536 subicere
436 504 627 535 omnem
666 488 876 535 nominis
917 504 1132 548 causam,
1177 492 1234 535 ut
1279 505 1336 536 ex
1374 489 1560 548 habitu,
1608 506 1753 550 quem
1793 489 1855 536 ad
1901 508 1921 539 5

179 561 376 609 modum
416 562 531 620 dixi,
573 558 804 624 ‘Longos'
855 564 904 608 et
944 559 1152 622 ‘Rufos’,
1192 579 1248 609 ex
1295 578 1411 610 sono
1459 559 1681 610 ‘stertere
1725 579 1856 610 mur-

179 631 408 694 murare',
456 636 606 681 etiam
653 635 890 694 derivata,
937 638 993 682 ut
1032 652 1061 683 a
1101 632 1397 683 ‘velocitate’
1441 636 1620 682 dicitur
1661 632 1856 697 ε1701011’,

180 712 228 755 et
267 708 537 768 composita
568 709 807 770 pluraque
839 709 916 756 his
950 709 1145 768 similia,
1187 725 1310 770 quae
1344 710 1446 756 sine
1479 709 1626 756 dubio
1659 709 1856 756 aliunde

182 783 421 843 originem
462 781 657 841 ducunt,
706 782 791 829 sed
831 785 934 829 arte
974 798 1072 830 non
1112 785 1270 846 egent,
1318 783 1454 830 cuius
1492 784 1545 829 in
1583 783 1674 829 1100
1714 798 1856 844 opere

180 872 277 902 non
318 858 390 902 est
428 871 542 902 usus
582 857 678 901 nisi
715 856 766 901 in
807 856 981 904 dubiis.
1882 876 1924 906 ιο

92 930 155 974 39
290 928 454 976 Verba
501 944 529 974 a
577 932 880 976 vetustate
927 931 1138 990 repetita
1184 946 1282 977 non
1328 930 1486 976 solum
1531 944 1735 991 magnos
1775 929 1857 976 ad-

183 1005 388 1049 sertores
439 1002 636 1062 habent,
688 1003 772 1050 sed
822 1003 972 1050 etiam
1019 1003 1247 1050 adferunt
1292 1003 1504 1049 orationi
1550 1004 1858 1050 maiestatem

183 1076 402 1136 aliquam
441 1091 538 1122 non
579 1077 682 1122 sine
722 1077 1067 1124 delectatione:
1106 1093 1221 1123 nam
1262 1079 1310 1123 et
1349 1076 1693 1123 auctoritatem
1732 1078 1859 1123 anti-

184 1149 388 1209 quitatis
428 1148 611 1195 habent
651 1152 713 1209 et,
754 1151 871 1210 quia
910 1150 1190 1198 intermissa
1229 1153 1356 1213 sunt,
1396 1152 1609 1212 gratiam
1647 1150 1861 1196 novitati

93 1223 158 1268 40
183 1223 394 1269 similem
432 1226 622 1283 parant.
672 1223 755 1270 sed
793 1240 914 1284 opus
955 1226 1028 1270 est
1066 1224 1225 1282 modo,
1264 1228 1319 1270 ut
1357 1240 1514 1284 neque
1554 1223 1723 1271 crebra
1761 1225 1860 1270 sint
1884 1240 1926 1272 15

182 1296 300 1342 haec
348 1312 435 1343 nec
483 1297 761 1355 manifesta,
809 1298 925 1357 quia
970 1298 1096 1343 nihil
1143 1301 1215 1344 est
1262 1297 1475 1344 odiosius
1515 1297 1858 1356 adfectatione,

183 1384 269 1416 nec
315 1369 486 1430 utique
535 1369 594 1416 ab
635 1371 823 1417 ultimis
863 1373 912 1417 et
949 1372 1048 1417 iam
1088 1371 1384 1418 oblitteratis
1423 1371 1634 1430 repetita
1671 1373 1859 1430 tempo-

182 1443 331 1501 ribus,
372 1444 538 1503 qualia
577 1447 691 1490 sunt
732 1440 943 1504 ‘topper’
984 1447 1032 1491 et
1073 1441 1360 1506 ‘antegerio'
1403 1447 1451 1491 et
1485 1440 1776 1491 ‘exanclare'
1812 1447 1860 1491 et

187 1513 453 1577 ‘prosapia'
497 1520 545 1563 et
585 1516 829 1564 Saliorum
871 1519 1088 1564 carmina
1126 1520 1207 1564 vix
1239 1517 1574 1565 sacerdotibus
1607 1518 1706 1564 suis
1738 1518 1858 1564 satis

96 1590 156 1635 41
184 1591 449 1637 intellecta.
522 1590 604 1636 sed
665 1591 754 1636 illa
808 1592 992 1638 mutari
1045 1594 1182 1638 vetat
1235 1591 1408 1654 religio
1463 1594 1512 1638 et
1566 1592 1859 1638 consecratis
1885 1608 1927 1638 20

184 1664 420 1710 utendum
461 1668 554 1710 est:
595 1666 752 1712 oratio
791 1681 921 1723 vero,
961 1665 1098 1712 cuius
1139 1680 1329 1712 summa
1367 1666 1523 1711 virtus
1563 1667 1637 1712 est
1674 1665 1861 1725 perspi-

187 1738 357 1796 cuitas,
399 1753 547 1797 quam
586 1739 652 1785 sit
691 1739 882 1797 vitiosa,
922 1740 966 1786 si
1005 1741 1146 1801 egeat
1183 1736 1484 1799 interprete?
1525 1753 1641 1800 ergo
1680 1740 1738 1784 ut
1776 1754 1861 1784 no-

185 1826 358 1858 vorum
399 1811 586 1871 optima
626 1815 767 1858 erunt
805 1813 1014 1858 maxime
1055 1821 1237 1871 vetera,
1283 1815 1355 1858 ita
1394 1815 1614 1858 veterum
1651 1811 1861 1858 maxime

187 1900 327 1931 nova

98 1958 161 2002 42
300 1958 485 2004 Similis
525 1973 595 2004 011
599 1973 654 2005 ca
694 1961 1118 2006 auctoritatem
1148 1961 1290 2005 latio
1330 1975 1445 2005 nam
1477 1958 1671 2006 etiamsi
1700 1960 1863 2019 potest
1886 1975 1928 2006 25

189 2031 345 2077 videri
392 2031 514 2078 nihil
560 2047 776 2092 peccare,
833 2035 916 2092 qui
963 2033 1122 2079 utitur
1167 2033 1242 2079 his
1289 2032 1466 2091 verbis,
1521 2047 1644 2092 quae
1685 2033 1863 2079 summi

191 2108 411 2152 auctores
443 2105 765 2165 tradiderunt,
797 2107 1007 2152 multum
1039 2110 1201 2153 tamen
1234 2107 1383 2153 refert
1413 2121 1510 2153 non
1542 2106 1713 2164 solum,
1746 2104 1863 2165 quid

190 2179 415 2237 dixerint,
455 2179 539 2226 sed
579 2181 729 2226 etiam
769 2181 886 2239 quid
924 2180 1268 2240 persuaserint.
1309 2195 1464 2239 neque
1504 2181 1633 2225 enim
1674 2175 1862 2225 ‘tubur-

190 2248 570 2299 chinabundum'
615 2256 661 2299 et
703 2249 1182 2300 ‘lurchinabundum'
1216 2255 1316 2299 iam
1346 2255 1400 2299 in
1429 2252 1567 2299 nobis
1601 2252 1864 2313 quisquam

191 2327 332 2383 ferat,
378 2326 494 2372 licet
535 2325 654 2374 Cato
696 2329 758 2373 sit
799 2333 982 2384 auctor,
1029 2343 1117 2374 1100
1158 2324 1262 2374 ‘hos
1303 2322 1518 2385 lodices’,
1566 2341 1864 2386 quamquam
1888 2342 1930 2374 30

191 2400 241 2445 id
279 2399 488 2446 Pollioni
528 2401 703 2460 placet,
743 2416 831 2447 nec
873 2397 1144 2462 ‘gladiola',
1184 2402 1323 2461 atqui
1352 2400 1562 2447 Messala
1601 2399 1738 2458 dixit,
1776 2413 1864 2445 nec

312 2545 336 2581 3
370 2539 438 2582 De
469 2539 580 2596 ling.
616 2540 713 2583 Lat.
749 2546 789 2593 5,
823 2546 891 2592 11,
927 2545 980 2582 76
1111 2544 1164 2582 30
1198 2556 1226 2595 p
1260 2544 1329 2594 89,
1365 2544 1417 2583 18
1450 2539 1574 2582 Jord.

313 2677 336 2714 2
370 2672 475 2728 hoc]
508 2673 615 2714 huic
651 2673 832 2716 Badius
953 2679 976 2713 3
1010 2675 1184 2715 vertere
1214 2673 1316 2728 eoepl
1340 2672 1603 2727 Peerlkamp
1643 2670 1864 2713 DInemos.

193 2731 234 2772 X
259 2735 342 2772 381
466 2736 489 2773 6
524 2734 715 2774 stertere
748 2740 804 2774 A:
839 2734 1075 2786 ext-repere
1100 2739 1145 2773 B
1174 2734 1375 2786 strepere
1404 2738 1448 2773 P
1566 2734 1587 2771 7
1622 2732 1674 2772 ut
1706 2742 1734 2771 a
1763 2728 1864 2771 velo

195 2791 383 2834 Meister
484 2793 509 2831 8
542 2790 767 2845 plui-acue
799 2798 903 2832 BP:
936 2791 1157 2845 pleraque
1190 2798 1225 2831 A
1253 2793 1258 2845 Ι
1287 2789 1501 2832 alicunde
1532 2790 1600 2832 Iv.
1621 2788 1815 2831 DIueller

197 2854 249 2890 1⁴2
284 2850 364 2892 sed
395 2863 465 2892 om
501 2856 542 2890 B
661 2854 676 2891 1
749 2849 976 2904 antigerio
1009 2858 1053 2892 P
