2055 3130
34 884 76 915 10

32 1253 74 1286 15

31 1995 73 2026 25

29 2365 74 2397 30

747 61 801 105 V.
838 66 905 116 10,
940 65 1159 106 97—109.
1679 64 1786 115 269

101 203 397 250 invenienda
436 205 563 249 sunt.
614 203 705 249 1100
751 216 904 263 genus
945 204 1348 264 argumentorum
1399 217 1514 248 sane
1566 202 1786 248 dicamus
1813 203 1909 247 104

102 294 160 324 ex
201 277 586 335 circumstantia,
626 277 744 337 quia
783 274 1062 336 περίστασιν
1104 275 1261 321 dicere
1303 275 1448 321 aliter
1486 291 1584 321 non
1614 290 1788 336 possu-

100 366 224 410 mus,
263 351 343 397 vel
382 366 438 396 ex
477 351 553 410 iis,
593 365 719 410 quae
760 350 992 409 cuiusque
1034 364 1209 395 causae
1240 351 1442 410 propria
1482 351 1617 395 sunt:
1657 351 1714 395 ut
1737 349 1789 394 in

101 424 189 471 1110
231 424 455 471 adultero
497 424 764 482 sacerdote,
805 424 889 482 qui
928 423 1050 485 lege,
1093 437 1190 483 qua
1236 424 1382 468 unius
1431 422 1660 469 servandi
1701 438 1787 484 po-

101 500 334 545 testatem
372 497 599 556 habebat,
640 513 689 544 se
720 498 825 557 ipse
858 512 1053 543 servare
1086 497 1262 556 voluit,
1300 497 1557 556 proprium
1597 500 1788 543 contro-

101 573 289 618 versiae
331 574 403 619 est
445 572 625 618 dicere:
669 567 785 617 enon
823 586 975 616 unum
1008 572 1266 617 nocentem
1306 570 1550 629 servabas,
1591 572 1708 631 quia
1739 574 1789 617 te

101 645 301 692 dimisso
343 646 620 692 adulteram
660 644 877 691 occidere
916 660 1015 691 non
1054 640 1276 704 licebat’,
1325 644 1418 691 hoc
1466 645 1596 690 enim
1644 660 1788 707 argu-

100 722 322 766 mentum
360 720 438 766 lex
476 719 612 778 facit,
661 734 785 779 quae
826 718 1056 779 prohibet
1097 719 1372 765 adulteram
1413 718 1515 764 sine
1564 718 1788 765 adultero

101 793 332 840 occidere.
376 796 424 839 et
462 793 565 851 illa,
614 792 663 838 in
705 808 803 853 qua
842 793 919 838 lex
961 795 1054 851 est,
1102 794 1160 838 ut
1207 793 1481 853 argentarii
1528 792 1787 839 dimidium
1813 793 1909 836 105

103 883 161 913 ex
200 883 255 914 eo
297 867 426 928 quod
466 867 709 913 debebant
748 866 1008 925 solverent,
1050 866 1290 912 creditum
1322 882 1464 913 suum
1495 868 1658 913 totum
1691 868 1788 913 exi-

101 943 286 1003 gerent.
327 942 637 1003 argentarius
679 940 738 986 ab
781 940 1060 1002 argentario
1102 940 1312 987 solidum
1353 940 1493 1001 petit.
1534 941 1790 1001 proprium

102 1031 158 1061 ex
196 1016 406 1061 materia
459 1017 532 1061 est
579 1017 924 1077 argumentum
980 1014 1252 1074 creditoris,
1302 1015 1486 1062 11101100
1543 1014 1790 1061 adiectum

101 1103 204 1135 esse
243 1090 297 1135 in
335 1089 457 1152 lege,
497 1090 554 1135 ut
587 1090 897 1151 argentarius
929 1091 1092 1135 totum
1126 1089 1361 1150 exigeret:
1404 1088 1637 1135 adversus
1665 1089 1788 1136 alios

101 1164 233 1209 enim
273 1179 371 1209 non
412 1179 534 1223 opus
573 1163 724 1209 fuisse
764 1163 886 1225 lege,
943 1179 1051 1209 cum
1104 1178 1271 1209 omnes
1324 1165 1675 1223 praeterquam
1727 1163 1787 1210 ab

101 1238 397 1299 argentariis
437 1240 599 1284 totum
639 1236 863 1298 exigendi
902 1238 978 1283 ius
1010 1236 1261 1283 haberent.
1304 1252 1414 1282 cum
1437 1238 1596 1283 multa
1621 1239 1786 1283 autem
1813 1238 1908 1282 106

100 1313 348 1358 novantur
386 1312 438 1357 in
487 1312 620 1358 omni
660 1326 835 1373 genere
874 1312 1127 1371 materiae,
1174 1313 1281 1357 tum
1320 1313 1583 1372 praecipue
1629 1312 1682 1357 in
1728 1313 1788 1358 iis

101 1384 487 1445 quaestionibus,
545 1401 668 1445 quae
717 1386 899 1445 scripto
957 1387 1200 1444 constant,
1251 1387 1368 1445 quia
1419 1401 1595 1432 vocum
1648 1388 1697 1431 et
1735 1386 1786 1431 in

100 1460 308 1520 singulis
350 1459 648 1521 ambiguitas
689 1459 917 1519 frequens
951 1462 999 1505 et
1033 1459 1190 1506 adhuc
1222 1459 1273 1504 in
1307 1460 1580 1506 coniunctis
1612 1460 1785 1522 magis.

100 1536 148 1580 et
197 1533 317 1580 haec
370 1533 479 1594 ipsa
533 1533 755 1594 plurium
809 1534 976 1596 legum
1031 1533 1301 1580 aliorumve
1358 1535 1656 1594 scriptorum
1707 1534 1785 1580 vel
1812 1535 1905 1579 107

100 1609 479 1669 congruentium
529 1607 607 1654 vel
658 1608 1044 1669 repugnantium
1097 1607 1354 1669 complexu
1403 1609 1659 1655 varientur
1705 1624 1786 1654 ne-

99 1696 228 1728 cesse
270 1683 357 1741 est,
406 1697 519 1728 cum
564 1697 641 1727 res
690 1683 762 1727 rei
810 1683 896 1727 aut
950 1682 1026 1728 ius
1082 1681 1203 1728 iuris
1261 1683 1404 1742 quasi
1451 1682 1645 1745 signum
1698 1684 1785 1729 est.

101 1751 218 1802 enon
258 1755 405 1802 debui
441 1755 536 1802 tibi
574 1756 856 1816 pecuniam:
904 1771 1176 1816 numquam
1214 1772 1291 1802 me
1340 1757 1625 1816 appellasti,
1673 1772 1786 1804 usu-

97 1845 204 1876 ram
243 1845 343 1876 non
384 1829 630 1890 accepisti,
670 1830 802 1875 ultro
845 1846 873 1876 a
912 1846 988 1876 me
1027 1832 1285 1877 mutuatus
1319 1827 1402 1877 es’.
1439 1827 1534 1876 ‘lex
1567 1832 1661 1878 est:
1703 1831 1787 1891 qui

97 1905 231 1964 patri
268 1903 564 1964 proditionis
603 1919 684 1950 reo
725 1919 821 1950 non
849 1903 1076 1964 adfuerit,
1118 1905 1314 1950 exheres
1341 1905 1418 1951 sit.
1460 1908 1609 1966 negat
1640 1905 1786 1964 filius,

100 1978 198 2025 nisi
230 1979 272 2024 si
302 1980 445 2038 pater
485 1978 738 2025 absolutus
772 1973 871 2024 sit’.
914 1978 1033 2038 quid
1066 1976 1230 2040 signi‘.>
1270 1978 1348 2024 lex
1381 1979 1561 2025 altera:
1603 1974 1788 2040 ‘prodi-

96 2052 248 2098 tionis
282 2052 542 2099 damnatus
576 2068 687 2098 cum
719 2052 958 2099 advocato
992 2048 1189 2099 exulet'.
1224 2048 1413 2100 ‘Cicero
1439 2068 1527 2113 pro
1555 2051 1784 2100 Cluentio
1811 2054 1905 2097 108

96 2125 150 2172 P.
174 2126 423 2187 Popilium
457 2129 505 2173 et
538 2126 789 2173 Tiberium
823 2125 1027 2173 Guttam
1067 2126 1187 2173 dicit
1218 2143 1316 2173 non
1347 2126 1519 2173 iudicii
1550 2129 1787 2188 corrupti,

99 2200 184 2246 sed
225 2200 438 2247 ambitus
473 2216 574 2247 esse
603 2196 895 2247 damnatos'.
937 2200 1057 2261 quid
1098 2199 1259 2263 signi?
1302 2201 1435 2261 quod
1475 2205 1784 2250 accusatores

99 2289 280 2334 eorum,
322 2274 406 2335 qui
447 2277 587 2320 erant
624 2275 723 2335 ipsi
764 2274 977 2322 ambitus
1018 2274 1254 2336 damnati,
1303 2291 1328 2321 e
1368 2275 1476 2337 lege
1525 2276 1625 2322 sint
1671 2279 1785 2336 post

97 2348 223 2395 hanc
261 2348 523 2395 victoriam
568 2350 800 2395 restituti.
855 2365 944 2396 nec
990 2350 1152 2396 minus
1206 2350 1258 2395 in
1304 2349 1396 2396 hoc
1448 2365 1591 2397 curae
1640 2350 1784 2397 debet
1810 2350 1905 2394 100

220 2493 274 2531 26
310 2503 333 2531 o
367 2493 434 2542 36,
470 2493 524 2531 95

221 2641 244 2678 9
277 2637 378 2679 lata
408 2637 483 2680 lex
516 2646 583 2678 Ab
766 2642 817 2680 11
854 2638 1146 2693 argentarius
1179 2653 1249 2682 om
1279 2646 1369 2681 BP
1401 2642 1405 2693 Ι
1433 2639 1555 2694 petit
1586 2657 1641 2682 a:
1686 2639 1786 2694 peti

97 2704 226 2738 ABP
256 2697 377 2740 locus
413 2698 508 2750 fort
536 2699 601 2740 sic
632 2698 1036 2753 redinteyrandus:
1083 2698 1376 2754 argentarius
1420 2698 1478 2740 ab
1520 2698 1784 2754 argentario

98 2754 363 2813 <creditum
395 2756 554 2812 exigit.
586 2758 730 2811 negat
762 2757 1052 2799 adversarius
1084 2757 1220 2816 iure>
1254 2757 1454 2800 solidum
1486 2759 1585 2813 peti

101 2819 153 2856 17
189 2816 237 2857 et
266 2822 326 2858 B:
364 2816 434 2857 est
464 2823 548 2857 ΑΡ
696 2820 749 2858 18
785 2818 831 2858 et
862 2816 1016 2859 adhuc
1046 2825 1104 2859 A:
1151 2817 1304 2859 adhuc
1335 2825 1424 2859 BP
1572 2822 1628 2859 24
1659 2816 1783 2859 filius

97 2873 347 2931 Spaldiny:
377 2874 431 2917 fit
461 2882 643 2928 ABQR,
676 2875 729 2918 de
761 2875 824 2917 P1
855 2890 949 2919 non
980 2881 1157 2920 constat
