1991 3120
503 62 537 105 1.
570 61 950 117 PROOEMIUM,
987 65 1173 104 16-27.
1225 66 1263 114 1,
1299 66 1427 104 1-2.
1791 61 1820 112 7

112 203 251 264 labit,
292 202 499 250 docendi
528 202 674 265 ratio,
708 218 832 263 quae
864 217 964 248 non
998 217 1167 249 eorum
1200 200 1346 249 modo
1380 200 1604 261 scientia,
1639 201 1818 262 quibus

113 279 229 325 solis
271 276 474 338 quidam
521 291 700 323 nomen
739 275 860 323 artis
901 275 1156 334 dederunt,
1205 276 1452 324 studiosos
1494 276 1714 322 instruat
1756 278 1819 335 et,

111 354 169 398 ut
223 351 294 398 sic
349 349 572 404 dixerim,
626 351 704 397 ius
759 351 926 412 ipsum
980 349 1249 397 rhetorices
1305 350 1678 410 interpretetur,
1735 349 1820 396 sed

112 425 242 473 alere
298 424 605 484 facundiam,
661 425 790 471 vires
847 439 1027 486 augere
1083 424 1400 484 eloquentiae
1451 423 1623 484 possit.
1703 438 1820 469 nam
1851 432 1862 446 ·

67 516 86 547 5
110 500 400 560 plerumque
451 498 612 545 nudae
664 498 782 545 illae
835 499 967 544 artes
1018 499 1202 544 nimiae
1252 497 1550 545 subtilitatis
1601 496 1820 544 adfecta-

44 886 85 916 10

41 2050 83 2082 25

41 2423 84 2455 30

110 575 246 620 tione
292 573 534 636 frangunt
581 574 731 634 atque
779 571 1046 619 concidunt
1094 571 1339 633 quidquid
1387 573 1462 619 est
1501 572 1555 618 in
1594 572 1819 618 oratione

110 648 410 709 generosius,
460 648 509 694 et
548 662 744 693 omnem
783 662 955 694 sucum
994 646 1185 708 ingenii
1223 645 1404 692 bibunt
1445 646 1495 692 et
1534 660 1646 693 ossa
1686 644 1819 691 dete-

110 723 249 784 gunt,
302 736 430 782 quae
481 723 538 768 ut
589 736 694 768 esse
745 722 796 767 et
848 720 1093 784 adstringi
1139 719 1303 767 nervis
1356 721 1457 767 suis
1506 719 1699 778 debent,
1752 719 1820 766 sic

110 810 314 856 corpore
348 795 614 856 operienda
646 798 774 842 sunt.
830 795 1042 856 ideoque
1074 810 1162 842 nos
1196 809 1295 841 non
1329 793 1632 855 particulam
1663 793 1821 852 illam,

110 869 258 917 sicuti
282 870 521 931 plerique,
555 868 641 916 sed
673 868 919 930 quidquid
943 869 1068 916 utile
1095 868 1157 915 ad
1181 867 1547 915 instituendum
1571 870 1822 915 oratorem

108 942 423 1004 putabamus,
475 945 527 990 in
578 944 666 990 hos
719 942 977 990 duodecim
1030 942 1182 990 libros
1237 943 1553 1002 contulimus,
1605 941 1823 989 breviter

109 1017 276 1065 omnia
316 1017 723 1065 demonstraturi:
765 1033 882 1064 nam
922 1018 965 1064 si
1006 1019 1250 1078 quantum
1291 1016 1351 1063 de
1395 1032 1590 1078 quaque
1631 1032 1685 1063 re
1723 1015 1822 1062 dici

107 1093 274 1152 potest
334 1106 716 1154 persequamur,
778 1091 889 1138 finis
954 1093 1116 1153 operis
1172 1107 1271 1138 non
1325 1091 1615 1152 reperietur.
1694 1090 1821 1136 illud

108 1169 276 1213 tamen
308 1167 362 1213 in
393 1167 566 1227 primis
598 1165 884 1213 testandum
917 1168 1006 1225 est,
1041 1165 1167 1212 nihil
1200 1167 1470 1227 praecepta
1503 1167 1655 1226 atque
1688 1167 1820 1212 artes

65 1256 83 1288 5
109 1240 275 1287 valere
315 1241 408 1288 nisi
453 1240 722 1288 adiuvante
761 1243 956 1287 natura.
999 1242 1306 1301 quapropter
1341 1241 1400 1300 ei,
1443 1241 1524 1286 cui
1555 1239 1714 1286 deerit
1745 1240 1819 1285 in-

109 1315 324 1377 genium,
371 1330 471 1362 non
519 1315 677 1378 magis
725 1315 846 1362 haec
893 1315 1084 1376 scripta
1130 1315 1245 1373 sint,
1295 1330 1447 1375 quam
1487 1313 1545 1360 de
1587 1329 1819 1377 agrorum

109 1388 247 1436 cultu
286 1388 538 1437 sterilibus
580 1391 738 1436 terris.
802 1392 918 1436 sunt
962 1392 1012 1436 et
1053 1389 1152 1436 alia
1192 1390 1418 1450 ingenita
1459 1388 1638 1449 cuique
1680 1387 1818 1435 adiu-

108 1465 290 1522 menta,
346 1478 454 1523 vox,
510 1464 641 1511 latus
697 1465 892 1524 patiens
948 1463 1149 1523 laboris,
1213 1462 1464 1523 valetudo,
1522 1463 1819 1521 constantia,

109 1536 266 1585 decor.
309 1553 434 1598 quae
469 1538 510 1584 si
542 1538 738 1585 modica
770 1538 1071 1600 obtigerunt,
1104 1540 1315 1599 possunt
1346 1538 1542 1584 ratione
1569 1537 1817 1598 ampliari,

109 1611 195 1658 sed
234 1627 610 1672 nonnumquam
641 1614 715 1658 ita
747 1611 938 1671 desunt,
980 1615 1034 1659 ut
1069 1611 1198 1659 bona
1231 1613 1385 1659 etiam
1418 1612 1608 1674 ingenii
1641 1610 1818 1658 studii-

110 1701 203 1746 que
255 1689 596 1747 corrumpant:
649 1687 777 1733 sicut
828 1688 877 1733 et
923 1687 1045 1733 haec
1091 1688 1202 1748 ipsa
1251 1688 1357 1733 sine
1397 1685 1596 1733 doctore
1638 1687 1816 1746 perito,

107 1759 272 1806 studio
321 1762 581 1821 pertinaci,
631 1760 877 1808 scribendi
924 1760 1120 1823 legendi
1168 1759 1363 1808 dicendi
1412 1760 1572 1806 multa
1613 1762 1663 1806 et
1703 1775 1814 1807 con-

107 1835 250 1881 tinua
291 1835 643 1882 exercitatione
683 1851 771 1896 per
810 1851 860 1882 se
901 1835 1029 1882 nihil
1069 1837 1290 1896 prosunt.

109 1959 304 2018 [QUEM
321 1960 402 2004 AD
429 1960 655 2005 MODUM
679 1960 873 2003 PRIMA
898 1959 1233 2004 ELEMENTA
1258 1960 1597 2003 TRADENDA
1627 1959 1820 2018 SUNT]

220 2041 258 2089 Ι.
311 2041 473 2105 Igitur
512 2044 630 2090 nato
671 2041 772 2089 filio
814 2046 959 2103 pater
998 2057 1136 2103 spem
1177 2042 1235 2088 de
1277 2043 1365 2090 illo
1406 2048 1625 2103 primum
1666 2057 1817 2104 quam

109 2116 351 2178 optimam
383 2118 571 2178 capiat:
604 2117 678 2163 ita
710 2116 998 2180 diligentior
1030 2131 1060 2163 a
1091 2116 1350 2178 principiis
1383 2116 1482 2163 fiet.
1523 2116 1654 2164 falsa
1687 2117 1819 2164 enim

109 2194 182 2238 est
221 2191 456 2252 querella,
508 2191 820 2252 paucissimis
872 2190 1155 2239 hominibus
1195 2192 1296 2238 vim
1338 2191 1646 2253 percipiendi
1687 2206 1816 2252 quae

108 2264 375 2312 tradantur
414 2280 517 2313 esse
558 2280 853 2325 concessam,
893 2265 1157 2326 plerosque
1197 2281 1311 2313 vero
1346 2265 1568 2313 laborem
1601 2281 1657 2313 ac
1691 2268 1818 2312 tem-

108 2354 231 2400 pora
270 2339 509 2387 tarditate
548 2340 740 2404 ingenii
778 2339 994 2401 perdere.
1036 2355 1154 2387 nam
1187 2343 1361 2388 contra
1392 2341 1560 2401 plures
1594 2341 1816 2401 reperias

108 2415 158 2460 et
189 2413 361 2461 faciles
393 2415 447 2460 in
479 2413 803 2478 excogitando
837 2416 887 2461 et
913 2413 977 2461 ad
1001 2413 1289 2461 discendum
1313 2417 1585 2475 promptos.
1630 2413 1814 2475 quippe

107 2486 160 2534 id
199 2490 273 2536 est
312 2487 502 2535 homini
540 2489 783 2548 naturale,
825 2503 881 2536 ac
914 2488 1044 2536 sicut
1077 2504 1192 2536 aves
1225 2489 1287 2536 ad
1323 2489 1560 2548 volatum,
1601 2490 1719 2550 equi
1754 2488 1816 2535 ad

108 2576 320 2622 cursum,
371 2561 434 2608 ad
486 2563 749 2610 saevitiam
797 2562 932 2609 ferae
973 2563 1261 2626 gignuntur,
1312 2564 1388 2610 ita
1427 2563 1568 2611 nobis
1610 2563 1815 2624 propria

108 2637 184 2683 est
244 2636 423 2684 mentis
486 2638 700 2700 agitatio
758 2639 907 2698 atque
962 2637 1210 2697 sollertia,
1273 2637 1405 2684 unde
1462 2639 1600 2701 origo
1658 2637 1815 2683 animi

109 2709 335 2758 caelestis
392 2711 620 2758 creditur.
698 2710 896 2758 hebetes
949 2727 1064 2758 vero
1118 2714 1166 2758 et
1216 2711 1453 2759 indociles
1506 2727 1604 2758 non
1653 2711 1811 2774 magis

43 2792 86 2826 ³⁵
109 2784 378 2832 secundum
418 2788 651 2833 naturam
687 2785 901 2833 hominis
945 2785 1157 2832 eduntur
1198 2802 1348 2847 quam
1389 2785 1676 2849 prodigiosa
1713 2802 1817 2832 cor-

233 2898 258 2937 5
291 2895 465 2940 nimiae
497 2905 559 2940 A:
602 2897 749 2940 nimia
783 2896 863 2939 rell

1848 793 1911 837 25

1849 1091 1912 1134 :26

1849 1388 1910 1432 27
