2007 3120
170 63 245 112 58
672 60 1046 113 QVINTILIANI
1074 61 1139 103 IN
1144 61 1225 104 ST.
1261 60 1353 104 ΟΒ.

172 200 300 248 volo.
357 194 473 247 enon
519 190 733 246 multum
779 196 1032 246 adiciunt'.
1087 200 1173 247 sed
1219 215 1370 260 aeque
1409 215 1507 248 non
1545 201 1640 247 erit
1676 202 1850 260 totum,
1901 198 1906 202 ’

172 274 255 320 cui
292 273 371 320 vel
408 288 564 333 parva
603 272 828 332 deerunt3
870 276 918 320 et
957 273 1198 333 optimum
1237 273 1435 333 quidem
1473 274 1565 320 hoc
1604 289 1708 321 esse
1739 289 1850 321 con-

175 346 353 405 veniet,
401 347 537 392 cuius
585 345 778 393 etiamsi
815 347 867 392 in
908 347 1058 394 arduo
1099 361 1208 407 spes
1248 349 1334 404 est,
1380 362 1468 393 nos
1506 348 1673 394 tamen
1710 363 1850 408 prae-

172 420 417 479 cipiamus
465 421 643 478 omnia,
689 421 748 465 ut
792 420 969 466 saltem
1013 420 1156 480 plura
1201 419 1336 466 fiant.
1405 420 1490 466 sed
1535 435 1620 466 cur
1657 420 1851 467 deficiat

176 490 401 540 animus?
462 495 641 539 natura
688 492 819 538 enim
863 494 1133 553 perfectum
1180 495 1424 540 oratorem
1463 508 1565 540 esse
1604 508 1702 540 non
1739 509 1850 554 pro—

175 565 324 624 hibet,
361 567 671 626 turpiterque
710 565 996 626 desperatur
1036 565 1276 626 quidquid
1312 566 1419 612 fieri
1457 568 1632 627 potest.

823 691 920 748 [DE
954 690 1204 748 MUSICE]

114 785 148 828 9
284 786 451 846 Atque
493 801 580 847 ego
614 786 691 832 vel
722 786 903 832 iudicio
936 789 1156 833 veterum
1187 789 1411 847 poteram
1443 801 1545 833 esse
1578 788 1851 833 contentus.

174 875 290 906 nam
340 860 448 920 quis
495 860 692 922 ignorat
737 861 1019 918 musicen,
1069 862 1126 906 ut
1172 860 1229 906 de
1275 860 1366 906 hac
1410 861 1624 920 primum
1662 859 1853 920 loquar,

174 935 371 979 tantum
419 933 521 978 iam
570 932 671 979 illis
723 933 942 993 antiquis
992 933 1295 994 temporibus
1346 948 1444 979 non
1494 932 1645 981 studii
1694 933 1852 994 modo,

174 1021 345 1052 verum
377 1006 526 1052 etiam
557 1007 887 1053 venerationis
921 1006 1162 1066 habuisse,
1196 1009 1252 1053 ut
1281 1006 1413 1052 idem
1442 1006 1617 1053 musici
1641 1008 1691 1053 et
1713 1008 1852 1053 vates

175 1081 224 1126 et
263 1079 508 1139 sapientes
547 1079 898 1139 iudicarentur,
937 1082 1134 1127 mittam
1166 1081 1304 1139 alios,
1344 1078 1564 1140 Orpheus
1599 1082 1648 1125 et
1678 1079 1852 1126 Linus:

176 1168 383 1213 quorum
427 1155 689 1213 utrumque
737 1153 809 1200 dis
850 1153 1084 1216 genitum,
1131 1154 1339 1200 alterum
1377 1169 1506 1211 vero,
1555 1154 1671 1213 quia
1708 1152 1852 1200 rudes

175 1241 370 1287 quoque
419 1228 565 1286 atque
614 1229 829 1288 agrestes
871 1228 1056 1273 animos
1098 1226 1421 1273 admiratione
1460 1226 1710 1286 mulceret,
1755 1242 1854 1273 non

179 1300 304 1346 feras
343 1299 501 1359 modo,
542 1300 625 1347 sed
664 1315 780 1347 saxa
820 1302 970 1347 etiam
1008 1301 1256 1361 silvasque
1310 1300 1501 1347 duxisse
1547 1301 1853 1361 posteritatis
1880 1317 1919 1347 15

81 1373 150 1417 10
174 1374 438 1420 memoriae
484 1374 724 1420 traditum
771 1377 856 1422 est.
926 1376 1094 1434 itaque
1143 1377 1191 1421 et
1230 1375 1518 1435 Timagenes
1571 1376 1742 1420 auctor
1780 1377 1854 1420 est

175 1447 392 1493 omnium
437 1447 490 1492 in
536 1447 717 1494 litteris
764 1447 1040 1494 studiorum
1087 1448 1481 1508 antiquissimam
1520 1448 1737 1494 musicen
1776 1462 1853 1493 ex-

173 1519 349 1579 titisse,
404 1523 452 1567 et
505 1521 787 1568 testimonio
835 1524 949 1568 sunt
995 1521 1257 1568 clarissimi
1302 1523 1491 1581 poetae,
1547 1520 1677 1581 apud
1733 1535 1852 1580 quos

175 1594 307 1639 inter
345 1594 533 1655 regalia
573 1596 798 1641 convivia
837 1594 1006 1641 laudes
1045 1595 1249 1641 heroum
1281 1609 1338 1641 ac
1370 1593 1572 1641 deorum
1603 1593 1666 1640 ad
1698 1594 1852 1641 citha·

175 1682 281 1730 ram
321 1667 634 1714 canebantur.
689 1668 834 1728 Iopas
874 1684 988 1716 vero
1027 1668 1111 1714 ille
1150 1667 1361 1730 Vergilii
1398 1683 1557 1714 nonne
1598 1669 1730 1714 canit

525 1737 786 1788 ‘errantem
827 1742 995 1788 lunam
1035 1742 1247 1802 solisque
1286 1737 1495 1789 labores'

176 1816 224 1860 et
272 1812 466 1860 cetera‘.>
522 1814 696 1874 quibus
744 1818 872 1862 certe
918 1815 1086 1876 palam
1133 1815 1389 1862 confirmat
1429 1817 1599 1862 auctor
1638 1815 1850 1861 eminen-

175 1887 393 1934 tissimus
440 1890 656 1935 musicen
704 1903 813 1935 cum
861 1888 1139 1936 divinarum
1178 1890 1329 1935 etiam
1366 1904 1531 1934 rerum
1570 1889 1850 1949 cognitione

86 1962 146 2004 11
177 1975 278 2008 esse
319 1961 640 2009 coniunctam.
698 1962 828 2022 quod
867 1962 907 2009 si
947 1962 1104 2022 datur,
1146 1964 1238 2009 erit
1277 1963 1429 2008 etiam
1467 1963 1652 2008 oratori
1689 1976 1849 2008 neces-

176 2035 322 2094 saria,
368 2036 409 2081 si
448 2034 657 2096 quidem,
704 2040 760 2082 ut
799 2036 1024 2095 diximus,
1063 2036 1183 2082 haec
1223 2051 1415 2096 quoque
1454 2050 1584 2096 pars,
1624 2051 1747 2095 quae
1788 2035 1848 2082 ab
1875 2052 1914 2082 25

175 2107 452 2154 oratoribus
490 2109 663 2155 relicta
703 2125 730 2155 a
769 2110 1074 2170 philosophis
1107 2111 1181 2156 est
1212 2111 1464 2169 occupata,
1503 2110 1660 2155 nostri
1693 2109 1851 2169 operis

176 2182 273 2227 fuit
313 2197 369 2228 ac
408 2183 510 2228 sine
551 2183 768 2229 omnium
805 2184 982 2229 talium
1022 2184 1228 2230 scientia
1267 2198 1365 2229 non
1403 2184 1564 2243 potest
1603 2197 1704 2229 esse
1744 2198 1850 2242 per-

88 2255 150 2298 12
176 2255 304 2301 fecta
365 2255 659 2316 eloquentia.
731 2257 870 2317 atqui
932 2257 1086 2304 claros
1148 2258 1342 2303 nomine
1399 2255 1667 2316 sapientiae
1720 2256 1850 2302 viros

179 2344 320 2374 nemo
354 2328 654 2376 dubitaverit
686 2329 927 2378 studiosos
959 2332 1166 2378 musices
1197 2331 1362 2387 fuisse,
1402 2344 1511 2376 cum
1543 2328 1851 2391 Pythagoras

178 2404 325 2462 atque
373 2418 481 2448 eum
529 2405 683 2450 secuti
732 2406 982 2464 acceptam
1029 2406 1132 2450 sine
1180 2402 1326 2450 dubio
1375 2403 1648 2464 antiquitus
1695 2402 1852 2463 opini-
1877 2420 1895 2450 3

176 2491 320 2522 onem
355 2476 668 2537 vulgaverint
714 2477 948 2523 mundum
980 2479 1142 2537 ipsum
1174 2478 1362 2523 ratione
1396 2491 1497 2523 esse
1530 2477 1852 2536 conpositum,

298 2635 350 2672 16
384 2630 553 2674 ΜίἱΠθι·
583 2630 705 2674 FHG
728 2631 791 2674 III
814 2647 844 2687 p
879 2636 961 2674 323
994 2646 1037 2674 n.
1075 2636 1126 2673 12
1162 2658 1215 2662 —
1250 2635 1302 2673 21
1337 2632 1449 2674 Aen.
1486 2635 1524 2680 1,
1559 2635 1643 2672 742

299 2781 320 2818 1
363 2778 528 2835 aeque]
575 2778 738 2832 utique
777 2780 949 2822 variam
993 2780 1215 2822 lectionem
1250 2783 1471 2822 testantur
1502 2785 1644 2820 SabP
1673 2776 1851 2833 (utique

179 2837 316 2903 611116)
441 2841 492 2878 16
526 2838 685 2891 itaque
718 2851 787 2880 om
819 2845 907 2879 BP
