2055 3130
620 58 623 59 ⁷
696 74 815 131 2111.
852 79 891 128 τ,
925 79 1112 118 18—28.
1669 78 1775 130 163

91 232 162 275 eo,
203 219 373 263 contra
415 231 555 277 quem
599 214 830 273 dicemus,
878 230 935 261 ea
977 230 1102 275 quae
1150 215 1379 262 oderunt:
1427 215 1499 262 ita
1544 231 1644 262 non
1691 216 1775 262 du-

88 290 226 336 bium
266 291 359 336 erit
397 289 649 347 iudicium,
691 288 822 349 quod
860 288 1133 335 orationem
1170 289 1506 349 praecesserit.
1553 290 1778 350 ipsorum
1802 290 1864 334 24

92 365 242 410 etiam
281 362 619 425 permiscenda
658 362 766 408 laus
808 377 999 424 semper
1040 355 1176 427 (nam
1216 362 1268 408 id
1314 363 1568 409 benivolos
1608 357 1776 429 facit),

91 437 316 498 quotiens
358 440 520 483 autem
560 435 666 482 fieri
704 436 909 497 poterit,
958 450 1069 482 cum
1115 437 1352 484 materiae
1400 436 1619 484 utilitate
1666 438 1776 484 iun-

44 528 63 559 5
89 511 261 573 genda.
302 510 465 557 minus
504 508 871 556 Lacedaemone
897 510 1062 556 studia
1087 510 1367 557 litterarum
1395 526 1543 572 quam
1566 510 1775 559 Athenis

20 899 63 928 10

87 585 288 632 honoris
328 583 658 642 merebuntur,
697 583 809 644 plus
849 586 1094 644 patientia
1134 600 1191 631 ac
1229 585 1483 631 fortitudo.
1525 588 1669 646 rapto
1702 587 1774 632 vi-

88 675 200 705 vere
257 657 552 719 quibusdam
604 658 879 717 honestum,
935 658 1047 705 aliis
1105 674 1220 705 cura
1274 659 1453 721 legum.
1509 659 1774 721 frugalitas

88 732 221 793 apud
276 731 533 793 Sybaritas
588 733 800 778 forsitan
855 732 966 778 odio
1022 732 1171 792 foret,
1234 732 1482 779 veteribus
1537 732 1774 781 Romanis

89 822 333 852 summum
386 806 582 852 luxuria
639 807 835 852 crimen.
893 806 1063 852 eade-m
1112 807 1166 853 in
1220 807 1428 869 singulis
1483 805 1773 854 differentia.

87 882 298 926 maxime
346 880 481 927 favet
528 879 694 939 iudex,
744 881 830 941 qui
877 879 972 926 sibi
1026 880 1270 927 dicentem
1310 881 1559 928 adsentari
1614 885 1773 942 putat.
1800 881 1862 926 25

86 954 216 1000 idem
256 955 499 1015 praecipit
537 954 663 1000 illud
704 969 913 1015 quoque,
966 954 1099 1015 quod
1144 971 1258 1001 mox
1309 954 1561 1003 Cornelius
1605 953 1773 1002 Celsus

86 1044 240 1089 prope
280 1044 431 1089 supra
470 1028 671 1075 modum
710 1028 908 1087 invasit,
951 1030 1068 1090 quia-
1109 1030 1173 1075 sit
1218 1029 1459 1090 quaedam
1504 1029 1773 1077 virtutibus

87 1118 144 1149 ac
182 1104 319 1149 vitiis
344 1104 591 1162 vicinitas,
630 1101 870 1149 utendum
901 1104 1126 1163 proxima
1160 1102 1465 1151 derivatione
1497 1103 1773 1163 verborum,

86 1179 141 1222 ut
180 1192 269 1237 pro
301 1178 565 1224 temerario
598 1177 792 1235 fortem,
830 1192 920 1237 pro
953 1177 1163 1239 prodigo
1189 1177 1460 1236 liberalem,
1500 1193 1589 1237 pro
1624 1194 1773 1225 avaro

43 1268 60 1299 5
86 1266 290 1311 parcum
329 1266 580 1298 vocemus:
622 1266 750 1312 quae
791 1250 962 1297 eadem
1001 1253 1152 1298 etiam
1193 1255 1363 1299 contra
1402 1251 1584 1300 valent.
1643 1251 1775 1313 quod

87 1324 286 1385 quidem
332 1329 512 1384 orator,
565 1324 618 1370 id
666 1328 738 1371 est
784 1326 861 1371 vir
906 1325 1085 1385 bonus,
1139 1342 1411 1387 numquam
1458 1326 1622 1385 faciet,
1677 1327 1775 1373 nisi

0 1429 1 1446 l
84 1399 212 1446 forte
254 1401 503 1447 communi
541 1399 761 1446 utilitate
803 1399 1019 1446 ducetur.

195 1472 490 1521 Laudantur
522 1477 686 1520 autem
717 1473 890 1520 urbes
931 1474 1162 1521 similiter
1194 1477 1343 1535 atque
1375 1474 1612 1521 homines.
1654 1490 1770 1521 nam
1798 1473 1860 1519 26

0 1561 1 1609 j
85 1563 173 1608 pro
213 1553 417 1608 parente
467 1551 540 1594 est
589 1547 823 1608 conditor,
873 1550 922 1595 et
974 1548 1183 1594 multum
1243 1549 1557 1595 auctoritatis
1613 1547 1775 1596 adfert

17 1639 60 1670 20

84 1624 323 1681 vetustas,
362 1624 422 1668 ut
459 1622 535 1682 iis,
585 1623 670 1682 qui
714 1625 849 1669 terra
896 1622 1126 1669 dicuntur
1173 1624 1292 1681 orti,
1348 1625 1396 1669 et
1450 1624 1661 1670 virtutes
1717 1638 1774 1669 ac

0 1681 1 1732 l
85 1696 210 1742 vitia
251 1697 381 1743 circa
418 1712 495 1743 res
529 1699 692 1758 gestas
726 1697 896 1743 eadem
930 1712 1055 1757 quae
1086 1698 1139 1743 in
1171 1696 1401 1758 singulis:
1441 1696 1531 1744 illa
1556 1698 1772 1758 propria,

0 1814 1 1840 3
86 1785 210 1830 quae
250 1786 308 1817 ex
346 1770 443 1817 loci
480 1771 727 1831 positione
769 1786 823 1818 ac
871 1772 1144 1817 munitione
1192 1773 1318 1818 sunt.
1378 1770 1506 1818 cives
1561 1771 1661 1818 illis
1716 1773 1774 1817 ut
1799 1771 1858 1815 2?

82 1844 364 1891 hominibus
389 1844 533 1891 liberi
558 1849 670 1891 sunt
704 1845 880 1892 decori.
917 1848 989 1892 est
1012 1846 1120 1892 laus
1148 1847 1196 1892 et
1223 1860 1484 1906 operum:
1516 1846 1569 1891 in
1595 1844 1772 1905 quibus

0 1917 1 1923 ’
82 1918 253 1977 honor,
292 1919 502 1978 utilitas,
540 1919 872 1979 pulchritudo,
907 1922 1079 1967 auctor
1111 1920 1325 1980 spectari
1358 1919 1494 1966 solet.
1537 1920 1693 1966 honor
1716 1922 1774 1966 ut

17 2009 58 2040 25

17 2379 59 2410 30

83 1993 135 2038 in
174 1993 389 2054 templis,
442 1993 636 2040 utilitas
677 1996 733 2040 ut
771 1995 824 2040 in
873 1993 1050 2054 muris,
1100 1993 1418 2055 pulchritudo
1473 1993 1553 2040 vel
1600 1996 1774 2040 auctor

83 2066 364 2128 utrubique.
406 2070 480 2114 est
505 2070 554 2114 et
577 2068 862 2129 locorum,
889 2069 1050 2129 qualis
1076 2067 1273 2115 Siciliae
1299 2067 1432 2129 apud
1467 2066 1771 2114 Ciceronem:

82 2141 135 2186 in
175 2141 355 2202 quibus
397 2142 624 2189 similiter
663 2143 875 2203 speciem
924 2146 973 2189 et
1018 2143 1292 2189 utilitatem
1337 2144 1612 2201 intuemur,
1665 2158 1770 2202 spe-

84 2215 208 2261 ciem
276 2215 556 2276 maritimis,
608 2217 788 2277 planis,
844 2219 1078 2277 amoenis,
1147 2217 1421 2263 utilitatem
1474 2215 1771 2276 salubribus,

82 2289 343 2338 fertilibus.
371 2291 464 2337 erit
489 2293 538 2337 et
562 2290 857 2337 dictorum
879 2291 1197 2338 honestorum
1221 2291 1637 2352 factorumque
1662 2290 1770 2338 laus

85 2364 342 2425 generalis,
398 2365 492 2411 erit
530 2368 579 2411 et
616 2381 780 2412 rerum
828 2368 984 2412 omnis
1039 2365 1186 2412 modi.
1234 2381 1351 2412 nam
1405 2368 1454 2411 et
1508 2365 1668 2412 somni
1723 2367 1772 2412 et
1797 2365 1858 2409 28

82 2438 255 2485 mortis
296 2438 509 2500 scriptae
547 2439 718 2486 laudes
767 2442 816 2486 et
867 2439 1177 2500 quorundam
1218 2456 1244 2486 a
1283 2439 1486 2486 medicis
1536 2438 1768 2486 ciborum.

203 2584 258 2621 26
290 2579 417 2623 Verr.
452 2585 493 2633 2,
528 2586 550 2623 1
586 2594 672 2636 sqq
704 2584 744 2634 4,
778 2585 833 2623 48

204 2717 228 2754 6
261 2713 492 2768 patientia
525 2727 578 2757 ac
610 2722 668 2757 A:
701 2714 982 2769 patientiam
1013 2722 1059 2756 Β
1086 2713 1320 2770 patientia
1345 2721 1389 2755 P
1509 2718 1562 2755 10
1605 2713 1770 2756 adsen-

83 2770 163 2813 tiri
194 2779 231 2812 Α
353 2777 407 2814 14
439 2787 522 2828 pro
554 2773 770 2831 prodigo]
805 2773 1002 2829 prodigo
1033 2781 1079 2816 Β
1105 2778 1109 2829 l
1137 2788 1220 2829 pro
1255 2773 1412 2830 avaro]
1446 2785 1583 2815 avaro
1616 2780 1661 2815 Β

85 2835 140 2872 23
173 2829 311 2874 liberi
343 2835 452 2874 sunt
484 2833 650 2876 Halm.-
679 2832 840 2876 liberis
864 2833 1035 2876 A¹BP1
1064 2832 1202 2876 liberi
1226 2832 1323 2875 P²a
1446 2835 1501 2874 28
1534 2832 1583 2874 in
1614 2831 1768 2874 mai-it.

84 2915 140 2920 —-
171 2889 221 2931 in
253 2889 424 2933 salubr.
458 2891 686 2948 Spalding]

1416 2964 1501 3007 11*
