2007 3120
188 77 258 128 ⁴26
686 75 1062 127 QVINTILIANI
1090 75 1238 119 INST.
1274 75 1366 119 ΟΒ.

188 215 475 275 diligentem
513 213 712 275 putabo,
754 215 839 274 qui
878 216 1171 275 promiscua,
1211 230 1335 275 quae
1367 212 1588 261 ἐπίκοινα
1619 215 1862 274 dicuntur,

188 287 470 346 ostenderit,
520 287 573 333 in
619 287 796 348 quibus
844 302 983 334 sexus
1022 290 1228 348 uterque
1267 303 1355 348 per
1394 288 1603 334 alterum
1643 291 1862 348 apparet,

188 364 277 407 aut
327 376 451 422 quae
502 361 740 407 feminina
784 362 1027 421 positione
1073 376 1232 407 mares
1279 363 1366 406 aut
1403 361 1618 408 neutrali
1654 360 1862 407 feminas

99 435 161 479 25
188 433 479 496 significant,
527 434 695 494 qualia
741 436 856 480 sunt
904 429 1143 480 ‘Murena'
1185 436 1234 480 et
1274 430 1606 493 ‘Glycerium'.
1677 436 1861 481 scruta·

187 508 322 554 bitur
369 507 453 552 ille
504 509 791 567 praeceptor
842 522 952 552 acer
1002 510 1151 567 atque
1202 506 1396 553 subtilis
1447 509 1659 570 origines
1707 509 1860 553 nomi-

188 597 328 627 num:
392 595 516 640 quae
565 596 622 627 ex
660 580 838 626 habitu
876 582 1092 640 corporis
1134 575 1325 627 ‘Rufos'
1369 576 1696 641 ‘Longosque'
1739 581 1861 626 fece-

187 657 302 700 runt
343 647 450 718 (ubi
493 655 587 700 erit
626 653 760 700 aliud
801 654 1032 700 secretius
1073 649 1260 700 ‘Sullae
1298 653 1445 699 Burri
1479 652 1664 700 Galbae
1696 653 1864 700 Plauti

188 727 377 773 Pansae
419 722 611 773 Scauri'
650 720 820 791 talia):
871 742 997 787 quae
1049 729 1097 773 et
1144 743 1200 773 ex
1247 742 1362 773 casu
1407 727 1714 773 nascentium
1762 721 1863 788 (hic

189 800 412 862 Agrippa
462 801 509 846 et
558 799 730 860 Opiter
777 802 825 846 et
865 799 1049 853 Cordus
1099 803 1147 845 et
1186 799 1446 846 Postumus
1497 794 1662 864 erunt)
1711 802 1761 846 et
1808 815 1864 846 ex

186 875 262 932 115,
296 889 420 934 quae
451 877 563 934 post
593 876 735 920 natos
769 874 1014 932 eveniunt,
1046 873 1172 919 unde
1207 869 1499 933 ‘Vopiscus'.
1540 873 1640 919 iam
1673 869 1864 920 ‘Cottae

99 947 163 992 26
190 946 441 1007 Scipiones
480 946 720 994 Laenates
762 942 952 993 <Serani’
995 950 1106 993 sunt
1155 963 1211 992 ex
1260 947 1411 993 variis
1452 948 1625 993 causis.
1696 948 1864 1008 gentes

189 1036 383 1081 quoque
440 1035 495 1066 ac
549 1021 657 1066 loca
712 1022 759 1066 et
813 1020 912 1066 alia
961 1021 1120 1066 multa
1169 1021 1383 1080 reperias
1435 1021 1565 1065 inter
1614 1020 1866 1066 nominum

190 1109 373 1140 causas.
442 1095 495 1139 in
543 1094 692 1140 servis
741 1094 840 1138 iam
886 1093 1139 1140 intercidit
1176 1093 1301 1138 illud
1340 1108 1508 1155 genus,
1557 1092 1688 1153 quod
1727 1093 1865 1139 duce-

188 1167 335 1213 batur
367 1182 394 1212 a
428 1166 637 1226 domino,
677 1167 804 1213 unde
839 1162 1152 1226 eMarcipores
1185 1161 1604 1227 Publiporesque'.
1661 1168 1867 1226 quaerat

191 1240 353 1299 etiam,
409 1242 534 1287 sitne
590 1240 721 1300 apud
767 1238 975 1286 Graecos
1029 1242 1103 1287 vis
1158 1239 1401 1300 quaedam
1455 1241 1578 1286 sexti
1633 1254 1772 1286 casus
1820 1241 1869 1285 et

191 1314 320 1374 apud
359 1329 446 1361 nos
488 1329 680 1374 quoque
721 1314 929 1374 septimi.
971 1329 1085 1360 nam
1125 1327 1235 1359 cum
1275 1313 1381 1359 dico
1424 1309 1586 1360 ‘hasta
1616 1308 1866 1372 percussi',

189 1404 286 1434 non
324 1390 439 1434 utor
479 1387 685 1434 ablativi
723 1391 918 1445 natura,
965 1402 1052 1434 nec
1093 1388 1133 1434 si
1172 1385 1301 1432 idem
1343 1385 1523 1433 Graece
1565 1386 1738 1447 dicam,
1786 1386 1868 1432 da-

190 1462 294 1507 tivi.
365 1460 448 1507 sed
498 1462 550 1506 in
603 1461 763 1507 verbis
815 1476 1006 1520 quoque
1060 1460 1168 1520 quis
1216 1462 1289 1506 est
1337 1459 1455 1505 adeo
1505 1461 1762 1519 imperitus
1812 1461 1870 1506 ut

190 1535 381 1596 ignoret
444 1549 621 1595 genera
684 1538 731 1580 et
795 1535 1061 1594 qualitates
1117 1536 1166 1580 et
1218 1548 1450 1593 personas
1508 1535 1556 1579 et
1608 1530 1868 1579 numeros?

190 1608 423 1654 litterarii
469 1623 624 1667 paene
670 1607 766 1653 ista
814 1610 927 1654 sunt
965 1606 1070 1652 ludi
1112 1609 1161 1652 et
1198 1606 1412 1653 trivialis
1453 1607 1698 1653 scientiae.
1767 1608 1864 1652 iam

192 1681 428 1741 quosdam
460 1681 545 1726 illa
579 1681 862 1739 turbabunt,
904 1696 1027 1741 quae
1061 1679 1469 1727 declinationibus
1502 1695 1599 1727 non
1628 1681 1867 1726 teruntur.

191 1771 305 1801 nam
345 1757 391 1801 et
432 1755 672 1814 quaedam
711 1754 976 1814 participia
1011 1769 1073 1800 an
1104 1753 1254 1800 verba
1286 1768 1348 1799 an
1381 1753 1737 1813 appellationes
1771 1755 1870 1799 sint

192 1828 406 1874 dubitari
454 1831 630 1888 potest⁷
685 1827 799 1887 quia
849 1827 983 1874 aliud
1032 1827 1129 1873 alio
1169 1827 1275 1873 loco
1315 1827 1497 1886 valent,
1548 1828 1604 1872 ut
1645 1823 1864 1873 ‘tectum'

102 1901 164 1945 28
192 1906 239 1947 et
293 1897 539 1962 ‘sapiens⁷.
612 1901 851 1961 quaedam
899 1899 1047 1946 verba
1100 1900 1514 1960 appellationibus
1566 1899 1761 1959 similia,
1813 1904 1869 1946 ut

197 1972 470 2021 “fraudator
510 1969 756 2038 nutritor’.
812 1976 913 2020 iam

664 2044 783 2093 ‘itur
821 2048 872 2093 in
912 2047 1167 2108 antiquam
1207 2043 1401 2093 silvam'

192 2137 350 2168 nonne
389 2121 615 2182 propriae
656 2120 907 2168 cuiusdam
946 2120 1153 2166 rationis
1193 2118 1301 2167 est‘?
1346 2135 1461 2166 nam
1501 2119 1632 2179 quod
1670 2120 1870 2166 initium

193 2197 295 2242 eius
333 2192 591 2241 invenias?
631 2196 709 2242 cui
749 2194 906 2240 simile
949 2189 1126 2240 ‘fletur'
1170 2194 1434 2253 accipimus
1475 2193 1634 2252 aliter,
1672 2194 1729 2239 ut

352 2263 608 2328 ‘panditur
646 2268 835 2314 interea
875 2267 1046 2314 domus
1086 2267 1434 2327 omnipotentis
1475 2261 1708 2327 Olympi,'

193 2454 232 2494 A
312 2398 365 2435 26
400 2392 534 2449 Verg.
571 2393 680 2434 Aen.
716 2397 755 2445 6,
791 2397 872 2434 179
900 2419 954 2424 -
981 2396 1035 2434 28
1069 2391 1249 2434 Terent.
1282 2392 1424 2435 Andr.
1453 2395 1535 2435 129
1562 2417 1616 2422 —
1644 2395 1697 2433 29
1731 2390 1867 2446 Verg.

236 2466 304 2494 en.
340 2456 408 2504 10,
445 2457 466 2493 1

312 2590 334 2627 1
368 2584 545 2638 putabo
571 2591 675 2626 BP:
711 2597 814 2626 eum
845 2583 1022 2638 putabo
1048 2584 1222 2640 Reyius
1283 2582 1562 2637 computabo
1587 2590 1623 2622 A
1731 2586 1756 2624 5
1788 2581 1871 2625 ille

193 2651 249 2685 A:
284 2642 412 2685 mille
442 2650 531 2684 BP
624 2647 646 2684 7
681 2641 859 2696 aliquid
885 2641 1103 2685 secretius
1127 2642 1425 2684 Luenemarm
1453 2644 1458 2695 Ι
1485 2642 1538 2683 ut
1563 2639 1717 2684 Sullae
1741 2640 1868 2696 Siyo-

197 2704 300 2744 nius
461 2705 486 2743 8
526 2701 663 2743 talia:
713 2701 850 2758 quae]
891 2700 1099 2756 taliaque
1139 2700 1245 2743 libri
1402 2703 1426 2741 9
1472 2712 1527 2741 ex
1568 2713 1637 2742 om
1667 2706 1756 2741 BP

196 2766 247 2802 11
283 2759 444 2802 Serani
475 2761 559 2803 edd
589 2765 697 2803 vett:
729 2773 831 2802 sera
862 2767 990 2802 ABP
1108 2763 1160 2800 19
1193 2771 1363 2814 genera
1395 2760 1442 2801 et
1472 2760 1682 2813 tempora
1715 2760 1761 2800 et
1793 2772 1867 2812 qu.

194 2820 348 2862 Faber
490 2823 542 2861 21
576 2820 789 2861 teruntur
819 2818 988 2860 ABP1:
1035 2819 1251 2860 tenentur
1293 2815 1390 2859 P²s
1541 2821 1595 2858 22
1640 2828 1699 2858 an
1741 2816 1869 2859 verbi

195 2876 534 2933 appellationes
565 2885 655 2920 BP
772 2881 827 2920 23
859 2879 1036 2920 tectum
1067 2877 1217 2920 Lane:
1251 2875 1420 2918 lectum

1891 891 1932 922 10

1894 1256 1933 1288 15

1894 1623 1936 1654 20

1983 1143 1990 1186 ἰ

1982 1296 1989 1321 3

1986 1329 1989 1346 ι
