2055 3130
271 74 383 126 208
773 71 1146 124 QVINTILIANI
1174 71 1324 116 INST.
1359 71 1453 116 ΟΒ.

270 229 395 260 cura
431 212 704 273 brevitatis,
743 214 800 258 ut
837 227 935 258 non
968 226 1038 271 ea,
1080 226 1206 271 quae
1231 210 1512 258 credibilem
1536 211 1725 258 faciunt
1757 214 1944 273 exposi-

270 288 475 347 tionem,
522 285 672 332 inseri
711 285 873 331 velim.
913 285 1118 344 simplex
1172 285 1302 331 enim
1355 285 1404 330 et
1452 283 1669 345 undique
1723 286 1944 346 praecisa

274 375 372 406 non
411 362 514 405 tam
554 359 772 405 narratio
812 359 979 405 vocari
1002 359 1166 418 potest
1191 373 1340 417 quam
1364 357 1615 404 confessio.
1655 361 1768 405 sunt
1798 374 1943 419 porro

274 432 458 478 multae
500 431 781 479 condicione
820 433 930 491 ipsa
967 431 1039 477 rei
1076 431 1251 492 longae
1291 432 1610 477 narrationes.
1652 431 1826 491 quibus
1866 447 1943 478 ex·

273 508 445 563 trema,
485 507 541 551 ut
578 503 819 565 praecepi,
865 505 1105 564 prooemii
1141 506 1283 564 parte
1324 503 1385 550 ad
1430 505 1754 551 intentionem
1802 520 1942 566 prae-

273 578 520 639 parandus
561 580 634 625 est
671 577 827 637 iudex,
877 576 1049 623 deinde
1097 576 1386 638 curandum,
1432 580 1489 623 ut
1536 579 1668 623 omni
1714 579 1820 624 arte
1865 578 1943 624 vel

176 651 247 695 48
274 667 331 698 ex
370 652 528 712 spatio
569 652 671 698 eius
712 650 1026 697 detrahamus
1068 650 1257 710 aliquid
1295 649 1373 697 vel
1406 665 1461 696 ex
1485 649 1662 697 taedio.
1703 653 1760 697 ut
1782 651 1942 698 minus

272 725 421 786 longa
461 726 537 784 sit,
580 723 842 770 efficiemus
876 738 1003 784 quae
1028 725 1296 784 poterimus
1330 723 1610 783 differendo,
1650 739 1747 770 non
1777 726 1943 770 tamen

272 800 376 845 sine
415 798 662 845 mentione
701 812 883 856 eorum,
924 812 1048 857 quae
1088 796 1386 843 differemus:
1429 792 1567 856 ‘quas
1608 812 1778 844 causas
1819 798 1943 844 occi-

273 871 418 918 dendi
455 870 696 929 habuerit,
737 885 857 930 quos
898 870 1223 930 adsumpserit
1262 869 1494 928 conscios,
1543 886 1687 931 quem
1734 870 1797 917 ad
1841 886 1941 917 mo-

185 945 249 989 49
276 944 393 990 dum
425 944 721 1005 disposuerit
745 943 963 1002 insidias,
988 943 1294 1003 probationis
1326 943 1433 990 loco
1468 940 1660 990 dicam.’
1703 943 1941 1005 quaedam

273 1033 387 1064 vero
429 1034 485 1064 ex
517 1017 683 1064 ordine
708 1017 1160 1078 praetermittenda,
1202 1017 1344 1077 quale
1379 1020 1449 1063 est
1482 1016 1615 1077 apud
1641 1016 1942 1064 Ciceronem:

275 1087 502 1138 ‘moritur
569 1091 842 1149 Fulcinius,
918 1090 1076 1136 multa
1145 1092 1296 1149 enim,
1381 1105 1504 1150 quae
1574 1093 1689 1137 sunt
1756 1092 1804 1136 in
1876 1106 1941 1150 re,

273 1166 389 1225 quia
457 1167 645 1211 remota
714 1167 827 1211 sunt
897 1179 926 1210 a
979 1179 1148 1222 causa,
1217 1159 1643 1223 praetermittam’.
1718 1166 1767 1210 et
1830 1179 1942 1224 par-

271 1238 383 1284 titio
423 1238 641 1285 taedium
688 1238 843 1284 levat:
901 1233 1080 1283 ‘dicam
1129 1253 1255 1298 quae
1303 1239 1412 1284 acta
1463 1238 1563 1283 sint
1613 1239 1726 1283 ante
1778 1237 1941 1297 ipsum

271 1313 343 1358 rei
375 1314 695 1370 contractum,
728 1311 888 1357 dicam
922 1325 1045 1370 quae
1077 1311 1129 1356 in
1161 1326 1211 1356 re
1236 1311 1359 1370 ipsa,
1400 1309 1559 1357 dicam
1585 1325 1709 1370 quae
1734 1306 1939 1371 postea'.

173 1387 246 1430 150
272 1385 344 1431 ita
381 1387 479 1432 tres
517 1386 682 1445 potius
722 1383 940 1431 modicae
980 1384 1284 1430 narrationes
1324 1382 1620 1430 videbuntur
1660 1399 1807 1444 quam
1844 1399 1943 1430 una

271 1459 433 1520 longa.
472 1459 672 1505 interim
712 1456 935 1518 expediet
967 1458 1320 1518 expositionem
1351 1456 1489 1502 brevi
1519 1457 1835 1504 interfatione
1871 1456 1942 1502 di-

272 1533 539 1593 stinguere:
589 1528 814 1579 ‘audistis
863 1546 986 1591 quae
1027 1532 1139 1577 ante
1196 1534 1306 1577 acta
1363 1532 1497 1577 sunt:
1554 1531 1759 1591 accipite
1815 1546 1941 1578 nunc

273 1621 396 1666 quae
436 1601 754 1652 insecuntur'.
794 1604 1040 1651 reficietur
1080 1606 1208 1650 enim
1246 1604 1392 1650 iudex
1430 1604 1651 1663 priorum
1688 1603 1781 1649 fine
1811 1606 1859 1651 et
1891 1619 1940 1651 se

172 1679 241 1723 -51
271 1679 407 1725 velut
446 1679 508 1724 ad
546 1695 727 1725 novum
766 1693 933 1724 rursus
973 1678 1173 1724 initium
1211 1677 1542 1738 praeparabit.
1582 1679 1623 1724 si
1661 1679 1827 1724 tamen
1860 1677 1941 1723 ad-

270 1751 441 1799 hibitis
483 1768 675 1813 quoque
714 1753 789 1799 his
831 1751 1017 1798 artibus
1056 1753 1108 1797 in
1147 1752 1349 1813 longum
1397 1751 1570 1797 exierit
1608 1750 1725 1797 ordo
1764 1766 1941 1808 rerum,

271 1827 365 1872 erit
403 1842 500 1872 non
538 1826 733 1872 inutilis
758 1826 809 1871 in
841 1827 1056 1871 extrema
1080 1828 1219 1886 parte
1245 1824 1574 1883 commonitio,
1616 1824 1747 1884 quod
1773 1823 1940 1872 Cicero

270 1901 420 1946 etiam
465 1899 516 1945 in
563 1899 698 1946 brevi
744 1900 1024 1945 narratione
1072 1898 1212 1946 facit:
1270 1895 1468 1957 ‘adhuc,
1520 1896 1720 1957 Caesar,
1767 1897 1821 1953 Q.
1860 1897 1940 1944 Li-

270 1974 436 2034 garius
485 1974 617 2019 omni
672 1973 817 2032 culpa
864 1976 1015 2019 caret:
1072 1972 1214 2019 domo
1264 1975 1337 2018 est
1384 1986 1604 2034 egressus
1653 1986 1749 2017 non
1796 1971 1939 2018 modo
1966 2007 1982 2017 .

271 2046 461 2092 nullum
501 2046 561 2092 ad
599 2046 797 2103 bellum,
844 2045 928 2092 sed
974 2061 1033 2092 ne
1073 2045 1135 2092 ad
1174 2046 1429 2091 minimam
1471 2045 1668 2105 quidem
1705 2044 1825 2091 belli
1863 2059 1940 2091 su-

271 2115 556 2180 spicionem'
598 2122 646 2166 et
686 2122 859 2166 cetera.

173 2193 243 2237 52
382 2191 706 2240 Credibilis
759 2196 923 2239 autem
962 2194 1056 2239 erit
1093 2192 1311 2239 narratio
1353 2194 1465 2238 ante
1506 2192 1683 2250 omnia,
1723 2192 1765 2238 si
1802 2193 1939 2252 prius

269 2266 656 2313 consuluerimus
695 2269 918 2313 nostrum
958 2267 1190 2325 animum,
1230 2281 1288 2312 ne
1329 2265 1446 2325 quid
1484 2268 1689 2312 naturae
1723 2264 1939 2312 dicamus

269 2339 541 2398 adversum,
581 2339 753 2386 deinde
793 2341 836 2386 si
874 2355 1046 2386 causas
1086 2355 1142 2386 ac
1179 2340 1395 2387 rationes
1427 2339 1572 2386 factis
1604 2340 1938 2400 praeposueri-

389 2543 440 2580 1-2
473 2554 516 2594 p.
552 2537 680 2582 Caec.
715 2544 756 2591 4,
791 2543 841 2580 11
878 2565 933 2570 —
966 2543 1020 2581 24
1052 2553 1095 2593 p.
1130 2538 1229 2594 Lig.
1263 2542 1303 2591 2,
1336 2542 1362 2579 4

387 2747 412 2786 8
447 2743 701 2786 efficiamus
735 2752 817 2786 PT
941 2748 995 2785 14
1029 2744 1093 2800 et]
1128 2745 1177 2785 at
1209 2751 1297 2786 BP
1423 2747 1474 2784 17
1509 2742 1576 2784 ita
1608 2749 1658 2794 A,
1692 2749 1736 2783 P
1763 2741 1813 2783 in
1844 2755 1938 2797 my:

266 2801 372 2844 ideo
403 2810 492 2844 BP
641 2806 694 2845 18
727 2802 1039 2858 expositiones
1071 2810 1159 2844 BP
1306 2805 1360 2844 23
1395 2800 1692 2844 commonitio
1725 2808 1776 2852 A,
1817 2807 1860 2842 P
1887 2801 1938 2842 in

267 2875 362 2916 my.-
395 2860 641 2905 commotio
673 2869 762 2903 BP
879 2866 934 2903 24
966 2860 1078 2904 fecit
1108 2869 1144 2902 A

1968 887 2009 918 10

1968 1253 2008 1284 15

1966 1620 2008 1651 20

1964 2354 2006 2385 30
