2055 3130
765 61 842 105 IV.
876 66 916 115 5,
951 65 1138 104 20—28.
1692 59 1801 111 233

226 201 292 248 Et
332 201 492 248 divisa
525 204 690 248 autem
715 203 764 246 et
789 201 997 261 simplex
1021 201 1312 261 propositio,
1355 200 1580 260 quotiens
1613 198 1804 245 utiliter
1829 198 1902 241 26-

116 274 338 322 adhiberi
376 277 556 336 potest,
595 277 812 335 primum
860 274 1003 321 debet
1057 289 1161 321 esse
1214 276 1386 335 aperta
1442 275 1592 334 atque
1639 272 1804 319 lucida

117 342 136 413 (
141 365 256 396 nam
297 348 417 408 quid
455 348 519 394 sit
544 350 737 408 turpius
773 364 921 408 quam
944 348 998 394 id
1021 363 1124 394 esse
1158 347 1421 394 obscurum
1452 348 1632 408 ipsum,
1674 345 1805 406 quod

114 424 167 468 in
207 438 321 468 eum
360 422 521 468 solum
561 421 823 468 adhibetur
862 438 1020 476 usum,
1059 436 1119 467 ne
1161 422 1261 468 sint
1309 423 1472 468 cetera
1519 420 1725 467 obscura
1739 413 1805 484 2³),

68 511 86 543 5
112 499 219 542 tum
257 495 420 542 brevis
460 510 549 542 neo
588 496 690 542 uHo
732 511 1036 556 supervacuo
1077 498 1283 541 onerata
1321 494 1496 554 verbo,
1536 510 1634 540 non
1675 494 1806 540 enim

115 569 235 630 quid
288 569 532 629 dieamus,
588 570 695 628 sed,
751 570 808 616 de
866 585 960 630 quo
1017 569 1200 616 dicturi
1254 570 1430 628 simus,
1487 568 1805 615 ostendimus.

115 643 438 690 obtinendum
478 645 642 703 etiam,
682 659 743 690 ne
785 644 904 704 quid
942 645 994 689 in
1036 659 1092 689 ea
1133 643 1274 702 desit,
1314 659 1373 689 ne
1415 642 1535 703 quid
1574 643 1803 703 supersit.
1832 640 1900 684 27·

114 719 339 778 superest
379 719 544 764 autem
585 718 653 764 sic
693 718 810 776 fere,
851 732 962 763 cum
995 720 1080 764 aut
1104 719 1157 763 in
1182 718 1367 777 speeies
1393 718 1642 777 partimur
1675 715 1807 776 quod

112 792 165 837 in
206 807 386 854 genera
432 792 612 851 partiri
659 793 725 838 sit
773 792 916 850 satis,
974 794 1059 838 aut
1114 807 1289 853 genere
1344 791 1506 851 posito
1563 790 1808 837 subicitur

47 881 90 912 10
116 864 317 925 species,
355 868 412 911 ut
452 860 634 912 ‘dicam
674 865 732 912 de
783 867 983 925 virtute,
1038 865 1252 926 iustitia,
1302 859 1641 923 continentia',
1697 879 1808 910 eum

113 940 310 986 iustitia
366 942 515 999 atque
571 941 877 986 continentia
929 940 1130 986 virtutis
1187 940 1287 986 sint
1343 938 1543 999 species.
1599 937 1805 998 partitio
1834 936 1896 980 28

113 1014 276 1075 prima
317 1015 405 1072 est,
446 1013 566 1074 quid
606 1015 670 1060 sit
711 1013 769 1059 de
811 1029 907 1074 quo
949 1013 1225 1071 conveniat,
1268 1013 1391 1073 quid
1431 1012 1488 1059 de
1530 1028 1625 1073 quo
1653 1011 1804 1058 ambi-

115 1089 276 1150 gatur.
331 1089 383 1133 in
425 1103 502 1147 eo,
559 1087 691 1148 quod
731 1089 974 1147 convenit,
1034 1087 1152 1148 quid
1208 1086 1518 1134 adversarius
1573 1087 1806 1144 fateatur,

117 1160 237 1222 quid
275 1177 386 1209 nos:
427 1163 479 1207 in
521 1177 590 1220 eo,
641 1177 735 1222 quo
777 1161 836 1209 de
877 1162 1161 1224 ambigitur,
1205 1156 1354 1225 [quae
1396 1160 1577 1207 dicturi
1617 1160 1805 1216 sumus]

0 1225 1 1243 ³
48 1250 89 1282 15
117 1251 242 1296 quae
266 1238 465 1282 nostrae
504 1237 883 1297 propositiones,
926 1251 1049 1296 quae
1089 1237 1248 1296 partis
1291 1235 1538 1282 adversae.
1578 1235 1808 1295 turpissi-

113 1326 250 1356 mum
288 1325 404 1357 vero
444 1326 543 1357 non
584 1310 753 1357 eodem
805 1310 974 1358 ordine
1023 1311 1238 1370 exsequi,
1287 1325 1382 1370 quo
1432 1309 1647 1370 quidque
1694 1323 1808 1369 pro-

114 1399 353 1445 posueris.

236 1530 258 1566 1
294 1526 341 1567 et
373 1524 522 1568 divisa
557 1528 713 1569 autem
744 1534 801 1567 A:
838 1525 987 1567 divisa
1018 1533 1107 1567 BP
1226 1530 1250 1568 6
1284 1539 1440 1567 sumus
1466 1532 1550 1566 ΑΒ
1671 1528 1725 1566 10
1757 1525 1813 1565 ut

115 1585 154 1628 si
186 1592 292 1626 Par>
417 1590 471 1627 14
505 1585 560 1627 de
595 1599 684 1639 quo
717 1586 835 1641 BP}
865 1600 906 1640 q.
943 1585 984 1626 d.
1021 1599 1054 1627 s,
1089 1586 1202 1628 delet
1236 1584 1405 1628 Gesner
1437 1584 1597 1640 (simus
1632 1585 1687 1639 P)

237 1649 289 1687 15
323 1644 647 1700 turpissimum
681 1652 784 1686 BP:
817 1644 1073 1700 pessimum
1105 1652 1142 1685 ,1
