2007 3120
211 77 318 128 114
741 72 1115 126 QVINTILIANI
1142 72 1292 117 INST.
1327 72 1419 116 ΟΒ.

208 215 450 273 fecerunt3
488 229 577 260 nec
606 215 813 260 musica:
846 214 1075 260 cantatur
1105 228 1162 259 ac
1186 212 1398 260 saltatur
1419 227 1506 272 per
1530 212 1685 258 omnis
1709 216 1876 275 gentes

211 289 376 348 aliquo
414 287 573 334 modo.
612 288 699 345 ita,
739 288 782 333 si
817 286 1055 333 rhetorice
1093 286 1260 332 vocari
1299 284 1440 331 debet
1471 300 1626 332 sermo
1660 287 1874 346 quicum-

122 365 182 408 11
212 377 320 422 que,
358 361 507 406 fuisse
547 375 667 418 eam,
715 362 979 420 antequam
1028 361 1152 406 esset
1198 374 1292 416 ars,
1339 357 1625 406 confitebor:
1672 360 1716 406 si
1759 374 1874 406 vero

208 450 306 481 non
345 433 566 494 quisquis
605 433 827 492 loquitur
878 436 1044 479 orator
1089 435 1176 490 est,
1230 434 1280 478 et
1327 434 1433 477 tum
1479 447 1576 478 non
1621 434 1876 493 tamquam

209 510 426 555 oratores
457 505 797 566 loquebantur,
836 520 1029 552 necesse
1061 508 1134 552 est
1166 507 1410 551 oratorem
1440 505 1628 551 factum
1659 508 1763 552 arte
1788 521 1875 552 nec

209 583 322 627 ante
363 583 518 627 artem
555 579 705 626 fuisse
743 579 1006 625 fateantur.
1054 594 1150 638 quo
1188 577 1315 624 fflud
1353 593 1546 638 quoque
1586 579 1876 637 excluditur,

210 653 342 714 quod
380 653 561 712 dicunt,
601 668 698 698 non
723 667 823 698 esse
863 653 982 698 artis
1020 651 1086 711 id,
1127 651 1257 711 quod
1294 651 1460 709 faciat,
1494 653 1579 711 qui
1616 667 1713 698 non
1752 651 1876 698 didi-

122 730 183 772 12
212 728 354 773 cerit:
394 726 552 772 dicere
593 728 756 772 autem
779 725 998 771 homines
1023 727 1071 771 et
1096 726 1184 785 qui
1206 740 1304 771 non
1329 724 1603 771 didicerint.
1645 724 1708 771 ad
1739 726 1875 771 cuius

207 802 281 848 rei
308 799 725 846 confirmationem
750 798 977 844 adferunt
1000 797 1251 844 Demaden
1277 799 1510 859 remigem
1535 801 1582 844 et
1606 797 1877 845 Aeschinen

206 874 496 934 hypocriten
535 874 751 919 oratores
791 872 955 918 fuisse.
994 872 1142 919 falso:
1196 887 1311 917 nam
1355 887 1510 931 neque
1565 874 1730 918 orator
1776 886 1877 918 esse

209 948 294 1008 qui
332 961 429 993 non
469 945 641 992 didicit
679 947 857 1006 potest,
889 948 938 991 et
975 945 1061 992 hos
1094 960 1199 991 sero
1231 944 1394 1004 potius
1429 960 1577 1005 quam
1607 960 1877 1006 numquam

209 1019 435 1066 didicisse
477 1019 584 1079 quis
625 1018 815 1077 dixerit,
856 1034 1154 1079 quamquam
1201 1018 1463 1065 Aeschines
1512 1017 1570 1064 ab
1621 1017 1764 1064 initio
1813 1019 1877 1064 sit

207 1096 429 1140 versatus
469 1092 519 1138 in
558 1093 754 1151 litteris,
795 1107 914 1152 quas
953 1095 1095 1152 pater
1126 1091 1230 1137 eius
1261 1091 1411 1137 etiam
1443 1091 1660 1149 docebat,
1701 1091 1876 1138 Dema-

209 1166 300 1212 den
340 1182 496 1226 neque
536 1182 634 1212 non
686 1165 911 1212 didicisse
962 1168 1147 1212 certum
1201 1166 1264 1211 sit
1315 1167 1363 1210 et
1413 1165 1644 1211 continua
1685 1164 1877 1211 dicendi

210 1240 493 1287 exercitatio
531 1239 748 1300 potuerit
799 1241 1016 1296 tantum,
1072 1242 1490 1298 quantuscumque
1544 1240 1716 1298 postea
1768 1238 1877 1297 fuit,

122 1316 182 1358 13
208 1313 400 1371 fecisse3
451 1328 566 1358 nam
603 1312 655 1358 id
692 1312 1089 1372 potentissimum
1129 1311 1345 1358 discendi
1383 1327 1532 1372 genus
1573 1314 1658 1358 est.
1707 1311 1791 1358 sed
1830 1314 1878 1358 et

207 1386 636 1447 praestantiorem,
684 1387 726 1433 si
776 1385 1044 1443 didicisset,
1095 1386 1317 1431 futurum
1363 1386 1514 1431 fuisse
1560 1384 1717 1431 dicere
1763 1385 1880 1432 licet

209 1477 234 1502 *
263 1476 287 1501 *
316 1478 339 1500 *
394 1475 550 1520 neque
605 1460 733 1505 enim
785 1460 1028 1505 orationes
1076 1458 1281 1505 scribere
1329 1461 1402 1505 est
1452 1473 1612 1518 ausus,
1662 1460 1720 1504 ut
1769 1474 1878 1504 eum

206 1533 417 1579 multum
455 1533 666 1580 valuisse
704 1534 758 1578 in
796 1532 999 1578 dicendo
1039 1534 1261 1579 sciamus.

122 1608 188 1652 14
317 1606 622 1663 Aristoteles,
661 1609 717 1652 ut
756 1606 892 1658 solet,
933 1605 1200 1666 quaerendi
1223 1606 1385 1666 gratia
1417 1604 1658 1665 quaedam
1682 1605 1876 1665 suptili-

207 1682 326 1727 tatis
367 1695 482 1726 suae
523 1682 813 1741 argumenta
853 1681 1152 1741 excogitavit
1189 1678 1239 1724 in
1290 1676 1483 1738 Gryllo:
1532 1678 1616 1725 sed
1661 1679 1791 1724 idem
1830 1682 1878 1725 et

209 1753 266 1800 de
307 1756 412 1800 arte
450 1753 696 1799 rhetorica
734 1754 823 1798 tris
863 1751 1014 1798 libros
1053 1754 1263 1812 scripsit,
1311 1756 1360 1798 et
1404 1753 1457 1798 in
1503 1767 1669 1798 eorum
1717 1753 1878 1811 primo

209 1842 305 1873 non
347 1828 501 1872 artem
541 1826 697 1872 solum
739 1841 845 1872 eam
885 1827 1082 1884 fatetur,
1122 1825 1206 1872 sed
1230 1827 1274 1872 ei
1298 1825 1595 1886 particulam
1621 1825 1878 1872 oiviJitatis

122 1903 182 1945 15
209 1902 339 1947 sicut
378 1900 654 1946 dialectices
695 1899 937 1961 adsignat.
984 1899 1141 1945 multa
1190 1897 1436 1945 Critolaus
1477 1902 1669 1958 contra,
1719 1899 1877 1945 multa

207 1973 427 2020 Rhodius
466 1973 826 2019 Athenodorus.
865 1974 1043 2034 Agnon
1082 1972 1278 2033 quidem
1325 1973 1536 2018 detraxit
1577 1972 1671 2019 sibi
1707 1972 1877 2018 inscri-

207 2048 375 2107 ptione
399 2048 506 2107 ipsa
532 2046 690 2105 fidem,
723 2062 819 2107 qua
850 2047 1113 2093 rhetorices
1140 2046 1498 2092 accusationem
1520 2046 1764 2106 professus
1791 2049 1875 2092 est.

209 2135 324 2166 nam
364 2119 422 2165 de
462 2120 689 2180 Epicuro,
729 2121 814 2180 qui
852 2119 1137 2179 disciplinas
1179 2135 1342 2166 omnes
1376 2119 1517 2180 fugit,
1557 2119 1679 2164 nihil
1710 2121 1874 2165 miror.

122 2196 183 2238 16
207 2194 260 2240 hi
299 2194 555 2253 complura
595 2193 775 2252 dicunt,
816 2192 899 2238 sed
939 2209 995 2239 ex
1033 2195 1202 2253 paucis
1228 2193 1347 2239 locis
1381 2192 1552 2239 ducta:
1591 2195 1760 2252 itaque
1790 2208 1876 2253 po-

207 2268 495 2314 tentissimis
513 2282 679 2313 eorum
702 2266 915 2312 breviter
940 2281 1204 2325 occurram,
1228 2282 1287 2312 ne
1311 2266 1360 2311 in
1378 2265 1627 2312 infinitum
1654 2266 1876 2326 quaestio

122 2342 179 2385 17
215 2340 404 2386 evadat.
445 2341 605 2400 prima
641 2342 703 2386 iis
729 2341 1090 2401 argumentatio
1118 2355 1172 2386 ex
1197 2341 1403 2386 materia
1436 2342 1521 2386 est.
1562 2354 1725 2386 omnes
1749 2339 1877 2385 enim

209 2416 337 2460 artes
385 2415 525 2460 aiunt
573 2413 750 2460 habere
787 2415 1058 2471 materiam,
1099 2412 1230 2473 quod
1269 2416 1340 2460 est
1381 2428 1569 2459 verum:
1614 2413 1877 2460 rhetorices

209 2487 399 2532 nullam
438 2501 538 2533 esse
578 2489 851 2547 propriam,
903 2486 1034 2547 quod
1088 2502 1189 2533 esse
1235 2486 1415 2532 falsum
1459 2487 1512 2532 in
1558 2485 1875 2545 sequentibus

330 2601 381 2638 21
417 2596 501 2651 frg.
537 2600 590 2638 69
625 2623 678 2628 —
713 2602 766 2638 23
799 2597 933 2640 Rhet.
966 2612 997 2652 p
1032 2601 1182 2639 1356a

332 2705 351 2741 1
388 2713 440 2742 ac
473 2700 670 2742 saltatur
701 2713 770 2742 om
801 2708 837 2741 A
930 2703 954 2742 3
987 2702 1109 2742 esset
1140 2713 1209 2742 om
1243 2707 1276 2740 A
1377 2703 1398 2740 ‘a'
1432 2697 1678 2741 faciant—
1703 2697 1876 2739 didice-

210 2759 304 2801 rint
328 2766 398 2800 Ρῠ
489 2762 514 2800 8
547 2758 643 2814 9111]
680 2772 768 2812 9110
794 2767 830 2799 A
953 2763 1006 2800 18
1040 2759 1229 2801 lacunae
1245 2759 1379 2814 siqua
1396 2759 1557 2812 posui5
1581 2757 1747 2800 excidit
1768 2757 1877 2799 haec

209 2818 301 2870 fere
332 2818 572 2860 sententia:
604 2829 899 2871 quamquam,
940 2816 1090 2872 qualis
1122 2830 1171 2858 re
1201 2830 1309 2859 vera
1340 2816 1493 2869 fuerit,
1524 2829 1617 2858 non
1647 2815 1796 2869 liquet

329 2881 384 2918 24
419 2875 684 2918 dialectices
717 2876 1175 2919 Pseudo-Turnebus:
1206 2874 1464 2918 dialecticis

1902 890 1944 922 10

1903 1256 1943 1288 15

1903 1623 1946 1654 20

1902 1989 1944 2020 25

1901 2355 1944 2386 30
