2055 3130
0 426 2 478 1

0 482 2 535 l

690 68 764 110 VI.
798 66 1060 110 PROOEM.
1097 72 1253 110 3—13.
1703 69 1809 121 309

130 209 369 268 flosculos,
411 210 538 255 sicut
575 209 725 269 prior,
772 207 855 254 sed
902 207 1001 254 iam
1049 206 1290 254 decimum
1339 209 1517 255 aetatis
1564 209 1811 270 ingressus

135 299 322 329 annum
363 285 520 329 certos
561 297 616 328 ac
657 281 956 329 deformatos
996 281 1184 328 fructus
1226 281 1520 328 ostenderat.
1575 283 1684 328 iuro
1724 298 1812 342 per

130 357 263 403 mala
301 371 425 414 mea,
479 372 567 416 per
611 355 859 402 infelicem
915 356 1281 415 conscientiam,
1334 371 1422 415 per
1475 355 1589 402 11103
1628 371 1811 414 11131103,

129 432 336 476 numina
374 431 471 476 mei
511 428 706 489 doloris,
753 429 842 476 has
881 445 957 474 me
1009 430 1061 475 in
1107 428 1195 475 1110
1245 429 1427 475 vidisse
1475 430 1684 476 virtutes
1738 430 1811 474 in-

85 522 102 553 5
129 503 261 565 genii
314 519 413 550 non
467 503 611 550 modo
668 503 729 549 ad
783 502 1122 563 percipiendas
1179 502 1481 563 disciplinas,
1537 519 1633 563 quo
1687 502 1812 549 nihil

127 578 460 638 praestantius
503 578 711 639 cognovi
749 577 965 637 plurima
1005 579 1245 637 expertus,
1286 577 1534 637 studiique
1572 577 1672 623 iam
1703 579 1812 623 tum

127 667 225 698 non
266 652 423 697 coacti
463 644 649 715 (sciunt
686 644 1068 715 praeceptores),
1124 650 1208 698 sed
1253 650 1539 711 probitatis,
1594 651 1811 711 pietatis,

126 725 467 783 humanitatis,
507 724 837 784 liberalitatis,
877 728 934 771 ut
972 739 1171 785 prorsus
1203 731 1369 784 posset
1392 724 1505 771 hinc
1547 739 1649 772 esse
1680 726 1812 772 tanti

128 799 351 845 fulminis
384 802 558 857 metus,
600 798 729 859 quod
763 798 1075 845 observatum
1115 798 1217 845 fere
1251 802 1322 846 est
1356 799 1558 846 celerius
1593 799 1811 846 occidere

61 891 102 921 10
127 873 415 920 festinatam
453 873 795 919 maturitatem
843 875 891 919 et
947 888 1048 920 esse
1099 872 1262 920 nescio
1311 888 1481 933 quam,
1531 888 1655 933 quae
1703 888 1810 932 spes

126 950 290 994 tantas
333 946 576 1008 decerpat,
617 947 871 1006 invidiam,
911 962 971 993 ne
1004 946 1236 993 videlicet
1260 947 1406 1006 ultra,
1449 962 1595 1007 quam
1621 947 1812 993 homini

126 1021 297 1067 datum
339 1024 425 1079 est,
465 1023 634 1068 nostra
673 1021 1022 1081 provehantur.
1065 1022 1216 1067 etiam
1245 1020 1333 1066 illa
1366 1021 1573 1067 fortuita
1608 1021 1812 1067 aderant
1838 1020 1897 1064 11

126 1096 305 1154 omnia,
351 1094 483 1142 vocis
532 1095 815 1142 iucunditas
864 1095 1185 1155 claritasque,
1238 1096 1335 1141 oris
1386 1097 1605 1141 suavitas
1658 1098 1707 1141 et
1761 1096 1811 1140 in

125 1172 333 1230 utraque
373 1169 559 1230 lingua,
599 1171 856 1230 tamquam
898 1169 959 1215 ad
1001 1184 1110 1215 eam
1142 1168 1341 1215 demum
1373 1171 1518 1216 natus
1552 1171 1693 1227 esset,
1734 1184 1810 1216 ex-

59 1261 99 1290 15
126 1258 296 1304 pressa
334 1244 611 1304 proprietas
653 1245 872 1290 omnium
911 1243 1205 1290 litterarum.
1248 1242 1330 1289 sed
1362 1243 1454 1289 hae
1488 1259 1596 1303 spes
1631 1243 1811 1290 adhuc:

123 1317 213 1364 1113
252 1317 455 1377 maiora,
497 1318 790 1377 constantia,
841 1317 1077 1379 gravitas,
1119 1319 1287 1364 contra
1330 1316 1518 1364 dolores
1560 1318 1710 1364 etiam
1751 1333 1807 1364 ac

124 1394 285 1438 metus
325 1391 486 1438 robur.
529 1407 644 1437 nam
686 1407 783 1452 quo
824 1391 909 1438 ille
951 1393 1131 1451 animo,
1173 1406 1270 1452 qua
1309 1390 1613 1438 medicorum
1654 1391 1806 1438 admi-

123 1467 314 1512 ratione
356 1480 578 1512 mensum
620 1468 729 1513 octo
769 1465 1103 1513 valetudinem
1142 1466 1282 1512 tulit!
1330 1468 1386 1511 ut
1425 1481 1502 1512 me
1541 1465 1593 1511 in
1640 1482 1808 1526 supre-

122 1541 217 1586 mis
273 1539 553 1587 consolatus
610 1540 702 1587 est!
768 1556 915 1600 quam
971 1541 1122 1586 etiam
1175 1538 1402 1586 deficiens
1457 1541 1655 1600 iamque
1710 1555 1809 1587 non

57 1630 99 1660 20
123 1616 291 1661 noster
330 1613 491 1674 ipsum
531 1614 671 1660 illum
716 1614 958 1661 alienatae
982 1614 1161 1660 mentis
1195 1629 1408 1660 errorem
1442 1614 1570 1661 circa
1603 1614 1810 1671 scholas,

122 1688 317 1734 litteras
380 1687 575 1734 habuit!
645 1692 819 1735 tuosne
884 1703 995 1750 ego,
1044 1704 1071 1736 o
1127 1703 1264 1735 meae
1321 1703 1431 1749 spes
1494 1689 1689 1748 inanes,
1740 1688 1809 1735 la·
1838 1686 1898 1730 12

121 1761 282 1809 bentis
324 1763 504 1822 oculos,
550 1765 692 1809 tuum
732 1762 1005 1825 fugientem
1055 1763 1286 1822 spiritum
1334 1760 1473 1808 vidi?
1519 1765 1660 1808 tuum
1709 1778 1811 1809 cor·

121 1851 212 1896 pus
289 1835 548 1898 frigidum,
626 1851 870 1898 exsangue
941 1837 1221 1898 complexus
1306 1837 1520 1883 animam
1594 1837 1810 1897 recipere

123 1926 391 1970 auramque
469 1926 775 1957 communem
850 1911 1048 1957 haurire
1120 1911 1330 1971 amplius
1401 1912 1562 1971 potui,
1633 1910 1809 1973 dignus

56 2001 96 2031 25
122 1984 198 2031 his
276 1984 598 2044 cruciatibus,
676 2000 799 2046 quos
876 1986 1003 2044 fero,
1081 1985 1258 2048 dignus
1344 1985 1419 2031 his
1498 1985 1810 2047 cogitationi-

121 2056 245 2105 bus‘?
284 2062 396 2106 tene
431 2059 678 2106 consulari
717 2075 874 2119 nuper
914 2059 1177 2120 adoptione
1218 2059 1280 2106 ad
1322 2061 1541 2105 omnium
1582 2075 1690 2119 spes
1724 2059 1809 2106 ho-
1838 2056 1898 2100 13

121 2148 296 2180 norum
357 2134 560 2194 propius
617 2133 885 2194 admotum,
935 2135 984 2180 te
1025 2134 1269 2180 avunculo
1309 2134 1528 2193 praetori
1578 2149 1810 2196 generum

121 2206 444 2266 destinatum,
506 2210 555 2254 te
608 2205 850 2268 [omnium
891 2204 1022 2268 spes]
1067 2207 1230 2254 avitae
1279 2208 1588 2269 eloquentiae
1645 2208 1809 2254 candi-

121 2280 293 2327 datum
324 2284 571 2341 superstes
604 2297 781 2342 parens
812 2284 1008 2328 tantum
1040 2294 1076 2343 Τ
1106 2296 1290 2342 poenas
1324 2284 1385 2328 et.
1427 2283 1468 2328 si
1500 2297 1598 2328 non
1632 2281 1809 2343 cupido

55 2372 97 2402 30
121 2355 260 2414 lucis,
301 2359 429 2402 certe
461 2356 706 2416 patientia
746 2355 963 2402 vindicet
1001 2357 1049 2402 te
1088 2356 1281 2416 reliqua
1321 2371 1428 2403 mea
1470 2359 1651 2413 30131ος
1692 2372 1809 2402 113111

119 2429 305 2476 frustra
343 2430 477 2476 mala
518 2431 684 2477 omnia
724 2430 785 2476 ad
827 2432 1009 2476 crimen
1048 2430 1276 2477 fortunae
1326 2430 1616 2492 relegamus.
1665 2446 1807 2477 nemo

240 2591 266 2627 4
298 2586 382 2628 has
415 2586 520 2641 cfp
554 2590 655 2638 244,
688 2590 741 2628 26
866 2590 890 2627 8
924 2600 1088 2641 prosus
1121 2594 1157 2627 ,1
1187 2590 1191 2641 Ι
1219 2588 1377 2641 posset
1407 2585 1598 2629 Ges-ner:
1629 2586 1802 2641 11033111Ι

120 2644 229 2687 hinc
264 2646 457 2702 Reyius:
506 2645 583 2688 hic
729 2651 783 2687 14
815 2648 1014 2700 utraque
1047 2646 1245 2688 Romen
1276 2646 1327 2687 in
1360 2647 1431 2689 Ieoe
1479 2660 1502 2688 1·
1550 2659 1807 2700 etpressus:

119 2706 425 2758 utracumque
565 2709 618 2747 19
652 2704 838 2760 iamque
878 2713 924 2747 1':
960 2718 1191 2759 quamque
1226 2705 1307 2748 rell
1458 2710 1510 2747 ‘21
1540 2718 1593 2746 ac
1624 2703 1806 2747 litteras

122 2764 293 2806 Mez’ser
429 2768 482 2806 ‘27
509 2764 700 2819 propius
735 2765 980 2807 Buecheler
1014 2765 1206 2807 Meiser:
1237 2763 1366 2819 prius
1513 2767 1566 2806 28
1601 2763 1808 2806 omnium

98 2831 226 2877 ‘spes
258 2823 344 2865 sec-l
375 2822 601 2879 Spaldiny
629 2825 634 2878 Ι
664 2822 816 2866 avitae
850 2825 1098 2867 Erasmus:
1144 2825 1277 2866 acute
1319 2837 1419 2867 corr
1451 2832 1495 2865 P
1524 2825 1690 2866 acutae
1725 2829 1813 2871 QJI

122 2881 270 2924 acutis
297 2889 419 2923 Act·
534 2886 588 2924 29
625 2882 684 2925 ad
715 2896 890 2938 poenas
926 2883 1087 2936 Vallcz5
1112 2883 1206 2936 fort
1228 2884 1413 2925 tantum
1437 2883 1617 2938 ploret?
1653 2881 1691 2923 si
1715 2895 1808 2923 non
