2055 3130
816 75 872 119 V.
907 81 974 129 13,
1011 79 1197 118 18—28.
1735 79 1839 130 291

160 235 272 265 rum
318 233 482 264 rerum
533 216 808 264 differentia
862 218 1027 276 potest
1074 229 1175 263 esse
1227 216 1506 262 manifesta.
1560 215 1673 263 illas
1729 234 1842 264 vero

163 291 525 349 similitudines,
589 305 715 351 quae
777 289 1022 335 ducuntur
1085 304 1141 335 ex
1195 290 1346 337 mutis
1409 289 1704 338 animalibus
1759 295 1843 337 aut

161 367 411 425 inanimis,
450 355 595 411 facile
635 367 707 411 est
748 362 956 410 eludere.
998 363 1220 423 exempla
1257 378 1421 409 rerum
1460 365 1594 410 varie
1626 366 1843 411 tractan-
1871 365 1933 410 24

163 439 226 485 da
265 441 395 497 sunt,
436 440 478 485 si
516 437 782 485 nocebunt:
823 451 948 497 quae
982 438 1023 482 si
1045 439 1212 482 vetera
1239 441 1394 495 erunt,
1434 436 1659 484 fabulosa
1685 437 1844 485 dicere

118 529 136 561 5
162 512 346 570 licebit,
386 514 428 559 si
458 511 679 569 indubia,
717 511 928 556 maxime
962 510 1161 570 quidem
1193 509 1474 569 dissimili33
1515 527 1673 572 neque
1714 513 1845 558 enim

162 586 270 633 fieri
307 587 470 646 potest
508 587 566 631 ut
603 586 746 646 paria-
787 585 885 631 sint
932 599 1019 644 per
1059 585 1238 643 omnia,
1293 588 1361 643 ut,
1418 585 1458 631 si
1509 585 1694 632 Nasica
1732 588 1847 646 post

164 662 376 707 occisum
417 660 489 705 Ti.
532 657 804 705 Gracchum
845 657 1138 704 defendatur
1178 659 1398 718 exemplo
1438 659 1643 719 Ahalae,
1684 675 1712 705 a
1747 675 1844 720 quo

161 733 370 781 Maelius
411 736 483 780 est
507 732 809 791 interfectus,
848 731 1087 778 Maelium
1119 733 1259 793 regni
1293 732 1643 779 adfectatorem
1679 734 1845 792 fuisse,

164 824 190 853 a
233 806 451 854 Graccho
491 807 623 868 leges
670 805 816 852 modo
856 805 984 853 latas
1025 820 1125 852 esse
1164 806 1434 867 popularis,
1482 807 1697 853 Ahalam
1743 823 1845 853 ma-

96 898 139 929 10
164 881 374 943 gistrum
426 882 648 941 equitum
696 879 860 939 fuisse,
908 879 1143 927 Nasicam
1188 882 1442 940 privatum
1490 896 1592 928 esse
1639 880 1845 928 dicatur.

163 957 206 1002 si
230 954 496 1001 defecerint
522 955 700 1013 omnia,
725 953 1114 1000 tumvidendum
1140 956 1247 1013 erit,
1274 970 1336 1000 an
1362 956 1575 1015 optineri
1589 955 1763 1016 possit,
1786 971 1847 1001 ne

160 1028 286 1075 illud
326 1028 523 1089 quidem
562 1030 692 1075 recte
732 1028 932 1074 factum.
975 1028 1105 1088 quod
1146 1028 1204 1074 de
1245 1029 1493 1088 exemplis,
1534 1028 1663 1075 idem
1695 1031 1847 1076 etiam

161 1102 220 1149 de
260 1102 493 1149 iudicatis
535 1101 906 1149 observandum.

274 1175 414 1231 Quod
476 1179 641 1222 autem
701 1177 858 1236 posui,
912 1175 1107 1235 referre,
1170 1192 1266 1237 quo
1321 1177 1536 1237 quidque
1593 1180 1848 1224 accusator

96 1267 137 1298 15
163 1249 308 1297 modo
335 1250 527 1309 dixerit,
566 1250 661 1297 huc
701 1251 929 1311 pertinet,
969 1254 1039 1309 ut,
1080 1252 1122 1297 si
1155 1253 1226 1298 est
1257 1252 1419 1298 minus
1452 1251 1718 1298 efficaciter
1750 1251 1846 1298 elo-

163 1327 319 1383 cutus,
380 1326 491 1385 ipsa
539 1326 642 1371 eius
688 1324 837 1370 verba
891 1326 1161 1385 ponantur:
1226 1324 1267 1370 si
1319 1326 1422 1372 acri
1475 1328 1523 1371 et
1572 1325 1850 1372 vehementi

162 1398 313 1445 fuerit
351 1413 467 1445 usus
509 1400 753 1458 oratione,
801 1398 1007 1444 eandem
1052 1414 1156 1444 rem
1202 1400 1383 1446 nostris
1431 1399 1591 1447 verbis
1638 1401 1847 1447 mitiori-

161 1471 252 1519 bus
290 1472 611 1533 proferamus,
663 1476 719 1519 ut
769 1471 936 1519 Cicero
986 1472 1043 1519 de
1095 1471 1321 1520 Cornelio
1371 1468 1608 1520 ecodicem
1656 1469 1844 1536 attigit'
1873 1473 1937 1517 ‘26

163 1549 213 1593 et
252 1547 480 1608 protinus
522 1562 631 1593 cum
673 1546 888 1607 quadam
927 1546 1224 1605 defensione,
1263 1550 1335 1605 ut,
1387 1549 1430 1594 si
1468 1563 1556 1609 pro
1598 1547 1847 1595 luxurioso

97 1637 139 1668 20
165 1620 425 1667 dicendum
466 1622 551 1667 sit:
606 1617 815 1668 ‘obiecta
867 1624 940 1668 est
991 1621 1140 1681 paulo
1180 1621 1433 1668 liberalior
1482 1618 1620 1669 vita'.
1678 1624 1744 1669 sic
1801 1624 1849 1668 et

163 1710 253 1755 pro
295 1694 490 1741 sordido
530 1710 748 1754 parcum,
795 1710 883 1755 pro
922 1695 1164 1742 maledico
1204 1695 1414 1742 liberum
1462 1696 1619 1743 dicere
1665 1695 1846 1742 licebit.

164 1770 335 1829 utique
401 1784 671 1829 numquam
735 1769 1142 1816 committendum
1193 1772 1288 1829 est,
1342 1772 1398 1816 ut
1453 1770 1849 1818 adversariorum
1876 1770 1935 1814 27

165 1842 298 1889 dicta
351 1858 460 1889 cum
509 1858 599 1890 sua
647 1842 1016 1890 confirmatione
1070 1843 1352 1903 referamus,
1410 1848 1493 1890 aut
1549 1846 1699 1890 etiam
1752 1844 1850 1891 loci

166 1916 375 1963 alicuius
417 1918 723 1964 exsecutione
765 1917 1067 1977 adiuvemus,
1107 1919 1204 1964 nisi
1244 1933 1354 1964 eum
1394 1918 1636 1965 eludenda
1685 1922 1848 1965 erunt:

98 2006 140 2038 25
168 1987 319 2051 ‘apud
359 1992 625 2037 exercitum
655 1991 777 2037 mihi
810 1987 995 2051 fueris',
1035 1993 1214 2052 inquit,
1257 1988 1349 2039 ‘tot
1384 1994 1524 2039 annis
1557 1993 1720 2039 forum
1751 2008 1850 2039 non

167 2066 408 2127 attigeris,
451 2065 632 2112 afueris
672 2067 777 2112 tam
825 2065 924 2124 diu,
972 2067 1033 2126 et,
1081 2081 1192 2112 cum
1239 2071 1342 2112 tam
1389 2067 1537 2130 longo
1583 2066 1848 2113 intervallo

163 2140 370 2197 veneris,
426 2153 537 2185 cum
584 2139 675 2199 his,
733 2141 818 2200 qui
863 2141 915 2185 in
962 2140 1069 2187 foro
1125 2140 1436 2200 habit-arunt,
1494 2140 1551 2187 de
1606 2141 1850 2204 dignitate

166 2212 431 2260 contendas
444 2209 484 2258 5²³
538 2215 793 2273 praeterea
832 2215 886 2260 in
926 2214 1395 2262 contradictionibus
1442 2216 1643 2261 interim
1688 2217 1850 2262 totum
1877 2214 1937 2258 28

1874 1177 1901 1220 ιθ

1907 1177 1936 1221 eu

167 2289 350 2333 crimen
391 2288 665 2348 exponitur,
720 2291 775 2334 ut
828 2287 994 2334 Cicero
1045 2303 1134 2348 pro
1185 2287 1368 2336 Scauro
1416 2291 1544 2335 circa
1591 2289 1851 2337 Bostarem

100 2377 142 2409 30
165 2361 291 2407 facit
329 2361 485 2408 veluti
528 2351 800 2408 orationem
842 2361 1061 2409 diversae
1101 2364 1258 2423 partis
1297 2362 1537 2423 imitatus,
1578 2368 1664 2410 aut
1696 2363 1849 2425 pluri-

286 2506 338 2544 18
371 2501 413 2544 fr
443 2503 497 2545 A.
530 2502 696 2546 V1128
721 2503 781 2545 M.
819 2530 870 2534 —
907 2508 960 2545 25
996 2501 1085 2546 Cic.
1120 2518 1164 2558 p.
1198 2503 1314 2546 Mur.
1351 2508 1389 2556 9,
1423 2509 1477 2546 21

286 2653 310 2690 6
343 2648 462 2707 fieri]
496 2663 595 2694 esse
625 2659 663 2692 A
692 2655 697 2704 ξ
724 2664 808 2706 per
840 2651 996 2694 omnia
1029 2651 1278 2709 Spaldv'nq:
1310 2652 1486 2707 optima
1518 2659 1563 2694 B
1594 2651 1747 2694 omnia
1771 2659 1855 2693 ΑΡ

288 2713 310 2749 7
345 2707 412 2751 Ti.
445 2709 614 2753 Halm:
645 2709 695 2752 T.
721 2719 758 2751 A
784 2724 853 2753 om
877 2711 959 2754 rell
1081 2716 1133 2753 11
1167 2713 1267 2753 tum
1300 2725 1370 2754 om
1393 2719 1429 2752 A
1555 2716 1606 2753 12
1642 2711 1697 2753 de
1724 2719 1848 2753 Pub:

167 2780 237 2809 om
267 2774 353 2808 AB
470 2772 525 2810 20
555 2768 746 2812 liberior
770 2770 832 2811 Pl
953 2774 1009 2811 :24
1043 2770 1313 2813 adiuvemus
1339 2771 1392 2813 ed
1417 2770 1598 2826 Gryph:
1623 2769 1812 2812 adiuves

168 2828 304 2868 erunt
335 2840 404 2870 om
435 2834 525 2868 BP
666 2832 720 2870 28
755 2829 811 2871 de
845 2829 1293 2872 contradictionibus
1325 2837 1414 2871 BP
1441 2829 1490 2871 in
1524 2829 1850 2872 contradict-io-

167 2898 248 2927 nes
280 2893 317 2926 A
441 2889 495 2928 30
527 2886 672 2929 veluti
704 2905 757 2929 a:
791 2887 917 2930 velut
948 2887 996 2930 in
1027 2896 1113 2930 AB
1141 2889 1269 2931 velut
1299 2896 1343 2930 P

1501 2962 1586 3004 19*
