2055 3130
767 56 844 100 VI.
879 62 917 111 2,
951 61 1138 100 21—31.
1691 58 1797 110 327
1838 70 1842 73 ’

120 197 388 257 aliquando
430 199 578 244 etiam
617 197 826 243 ridicula
864 197 1014 243 fuerit
1053 196 1283 254 imitatio,
1324 196 1364 243 51
1404 197 1552 243 verba
1584 198 1799 243 vultum-

121 287 215 332 que
253 273 464 330 tantum‚
518 287 616 317 non
664 271 812 317 etiam
861 269 1081 317 animum
1137 269 1616 317 accommodarimus.
1682 271 1799 331 quid

120 344 249 391 enim
290 344 424 390 aliud
466 347 540 391 est
580 359 768 401 causae,
808 346 864 390 ut
902 343 1126 406 lugentes
1166 344 1339 404 utique
1387 345 1439 390 in
1485 345 1670 390 recenti
1717 343 1798 391 do-

118 418 222 465 lore
284 417 602 465 disertissime
666 418 906 478 quaedam
969 417 1238 464 exclamare
1293 416 1556 464 videantur
1610 419 1660 464 et
1723 418 1797 463 ira

74 509 93 541 5
118 507 485 552 nonnumquam
532 491 742 538 indoctis
792 507 985 552 quoque
1041 491 1374 552 eloquentiam
1427 491 1593 551 faciat,
1650 506 1799 551 quam

119 565 250 627 quod
288 565 387 612 illis
427 566 555 612 inest
593 567 667 612 vis
708 566 885 613 mentis
927 568 975 612 et
1012 567 1193 612 veritas
1233 567 1341 626 ipsa
1380 563 1607 611 morum‘.>
1649 580 1799 625 quare

117 640 170 686 in
209 639 299 698 his,
341 655 466 701 quae
507 655 608 687 esse
647 640 751 686 veri
791 639 975 686 similia
1016 640 1252 697 volemus,
1294 639 1443 686 simus
1483 639 1581 699 ipsi
1614 639 1798 686 similes

119 729 301 773 eorum,
349 715 435 775 qui
473 730 585 760 vere
632 713 904 774 patiuntur,
952 713 1246 771 adfectibus,
1301 715 1348 760 et
1404 728 1431 758 a
1486 713 1581 759 tali
1634 714 1798 759 animo

117 787 458 848 proficiscatur
512 787 686 847 oratiO,
739 788 935 847 qualem
979 788 1139 834 facere
1195 786 1347 833 iudici
1393 787 1540 834 volet.
1598 802 1660 833 an
1714 786 1798 832 ille

52 878 93 909 ιο
119 861 318 921 dolebit,
360 863 445 922 qui
483 861 651 907 audiet
689 877 780 920 me,
822 862 907 922 qui
945 861 996 907 in
1035 861 1126 908 hoc
1167 860 1340 921 dicam,
1380 877 1479 907 non
1519 858 1799 908 dolentem?

116 936 368 994 irascetur,
408 936 449 983 si
480 936 605 981 nihil
634 935 755 996 ipse,
796 937 881 996 qui
918 937 968 981 in
1001 935 1127 981 iram
1153 936 1381 993 concitat,
1423 934 1468 981 ei
1493 934 1622 996 quod
1648 934 1800 996 exigit

117 1009 277 1056 simile
316 1007 569 1070 patietur‘.>
609 1009 749 1057 siccis
791 1011 983 1071 agentis
1025 1009 1177 1056 oculis
1218 1008 1447 1055 lacrimas
1481 1007 1653 1055 dabit‘.>
1691 1008 1800 1055 fieri

115 1099 214 1130 non
253 1085 429 1144 potest.
478 1099 565 1130 nec
605 1083 823 1130 incendit
868 1084 966 1130 nisi
1015 1082 1144 1145 ignis
1195 1098 1283 1129 nec
1329 1083 1654 1130 madescimus
1702 1084 1799 1129 nisi
1826 1083 1886 1126 28

115 1173 284 1204 umore
322 1172 411 1203 nec
449 1173 525 1204 res
572 1157 676 1204 ulla
725 1158 810 1205 dat
857 1158 1003 1204 alteri
1059 1157 1284 1215 colorem,
1343 1172 1487 1217 quem
1537 1173 1635 1203 non
1690 1157 1799 1217 ipsa

49 1248 90 1279 15
114 1231 278 1295 habet,
316 1231 531 1292 primum
573 1235 646 1278 est
683 1233 851 1294 igitur,
905 1234 960 1278 ut
1001 1231 1132 1292 apud
1171 1246 1258 1277 nos
1298 1231 1499 1278 valeant
1539 1247 1617 1290 ea,
1674 1246 1798 1291 quae

115 1305 279 1352 valere
335 1305 467 1366 apud
520 1305 733 1352 iudicem
787 1307 1035 1365 volumus,
1092 1305 1475 1365 adficiamurque
1532 1309 1800 1365 antequam

117 1379 323 1426 adficere
363 1395 605 1426 conemur.
648 1383 699 1426 at
740 1396 837 1441 quo
870 1379 1015 1427 modo
1048 1379 1146 1437 fiet,
1186 1382 1242 1426 ut
1275 1377 1600 1426 adficiamur‘?
1641 1395 1797 1440 neque
1825 1378 1886 1421 29

116 1454 246 1500 enim
286 1457 400 1500 sunt
438 1457 599 1500 motus
640 1455 691 1500 in
730 1457 899 1501 nostra
939 1456 1197 1514 potestate.
1247 1453 1502 1513 temptabo
1550 1454 1697 1500 etiam
1740 1453 1797 1499 de

114 1527 206 1574 hoc
245 1527 418 1574 dicere.
461 1543 582 1588 quas
624 1527 895 1589 φαντασίας
929 1526 1105 1575 Graeci
1144 1530 1324 1574 vocant
1357 1521 1468 1592 (nos
1503 1543 1618 1574 sane
1650 1527 1800 1574 Visio-

47 1618 90 1650 20
113 1616 198 1649 nes
239 1602 578 1663 appellemusj,
617 1619 705 1663 per
745 1618 865 1663 quas
905 1602 1143 1665 imagines
1190 1618 1355 1648 rerum
1403 1601 1680 1648 absentium
1726 1603 1799 1647 ita

114 1678 548 1737 repraesentantur
589 1678 767 1736 animo,
806 1680 863 1723 ut
906 1692 985 1724 eas
1020 1692 1213 1723 cernere
1247 1676 1399 1722 oculis
1435 1691 1490 1722 ac
1514 1678 1797 1737 praesentes

113 1749 293 1797 habere
331 1750 600 1808 videamur,
640 1751 729 1798 has
771 1751 992 1812 quisquis
1033 1750 1153 1797 bene
1195 1751 1493 1811 conceperit,
1532 1750 1573 1796 is
1615 1751 1708 1796 erit
1745 1751 1797 1795 in
1823 1748 1888 1792 30

114 1823 390 1871 adfectibus
445 1824 831 1886 potentissimus.
901 1825 1100 1886 quidam
1160 1824 1330 1871 dicunt
1384 1822 1798 1884 εὐφαντασίωτον,

115 1898 201 1959 qui
240 1898 334 1946 sibi
370 1914 463 1958 res,
501 1914 659 1958 voces,
701 1902 836 1946 actus
877 1899 1146 1946 secundum
1187 1915 1359 1945 verum
1400 1898 1583 1959 optime
1623 1897 1797 1960 finget:

46 1989 88 2020 25
114 1971 249 2033 quod
288 1971 487 2033 quidem
526 1973 667 2020 nobis
706 1973 984 2020 volentibus
1032 1973 1177 2020 facile
1226 1975 1490 2035 continget.
1539 1972 1635 2019 nisi
1680 1987 1796 2019 vero

112 2046 243 2093 inter
282 2048 385 2093 otia
425 2047 700 2094 animorum
741 2050 789 2094 et
828 2063 936 2108 spes
976 2048 1145 2094 inanes
1179 2050 1227 2093 et-
1258 2047 1396 2093 velut
1428 2048 1618 2094 somnia
1652 2062 1796 2107 quae-

114 2120 228 2168 dam
266 2120 582 2184 vigilantium
622 2123 695 2168 ita
733 2137 821 2168 nos
861 2122 966 2181 hae,
1009 2121 1066 2167 de
1108 2121 1286 2182 quibus
1325 2121 1516 2181 loquor,
1555 2121 1797 2182 imagines

112 2197 450 2255 prosecuntur,
505 2198 561 2242 ut
610 2197 929 2257 peregrinari,
985 2197 1234 2257 navigare,
1289 2195 1537 2256 proeliari,
1587 2195 1796 2256 populos

114 2268 330 2330 adloqui,
371 2269 680 2329 divitiarum,
730 2285 849 2330 quas
896 2286 995 2316 non
1039 2270 1299 2328 habemus,
1350 2285 1494 2316 usum
1541 2269 1798 2316 videamur

45 2359 88 2391 30
114 2342 385 2404 disponere,
424 2359 512 2390 nec
553 2346 784 2407 cogitare,
825 2343 910 2390 sed
948 2344 1131 2390 facere:
1171 2344 1263 2390 hoc
1303 2345 1457 2390 animi
1504 2344 1683 2390 vitium
1734 2343 1796 2390 ad

111 2417 386 2464 utilitatem
432 2433 530 2465 non
584 2416 968 2466 transferemus?
1024 2419 1274 2464 hominem
1329 2420 1543 2464 occisum
1598 2432 1795 2478 queror:
1822 2421 1883 2464 31

1825 566 1852 609 [0

1862 567 1886 610 *Ι

234 2578 258 2615 6
289 2575 490 2631 morum]
538 2575 749 2616 motuum
782 2575 824 2617 ci
856 2573 1080 2631 Spalcliny
1263 2578 1286 2616 9
1320 2573 1466 2616 iudici
1499 2574 1796 2617 Slothouzcer:

111 2632 317 2675 iudicem
440 2637 491 2675 11
528 2633 733 2676 concitat
766 2634 808 2676 ei
842 2635 982 2677 Roth:
1025 2633 1282 2676 concitasse
1314 2633 1364 2674 id
1395 2641 1474 2674 AG
1508 2633 1713 2675 concitat
1749 2646 1796 2675 se

112 2691 163 2733 id
195 2699 320 2733 arnt*
346 2693 549 2735 concitat
580 2693 630 2734 id
663 2701 707 2735 P
825 2698 879 2735 22
915 2693 1180 2748 conceperit
1212 2701 1271 2734 P:
1307 2692 1482 2747 ceperit
1513 2699 1683 2733 ,1901

113 2755 169 2792 23
202 2751 393 2806 quidam
418 2753 585 2795 Halm:
615 2752 700 2794 has
733 2752 922 2807 quidem
947 2760 1065 2794 PI'G
1088 2752 1173 2795 has
1207 2752 1400 2807 quidam
1424 2769 1456 2793 a
1480 2751 1518 2793 is
1546 2751 1735 2806 quidem
1759 2759 1795 2792 A

232 2815 287 2853 25
319 2810 412 2853 nisi
443 2824 548 2854 vero
586 2812 626 2854 T
624 2812 889 2855 oernebladh
903 2828 915 2853 .·
946 2811 1066 2853 nihil
1097 2826 1202 2855 vero
1234 2819 1367 2853 ΑΕΗ
1393 2811 1462 2853 nil
1491 2824 1598 2853 vero
1630 2818 1664 2851 Γ
1689 2825 1796 2852 nam

111 2871 165 2912 ut
189 2877 233 2911 P
321 2875 374 2911 31
395 2870 629 2913 hominem
647 2871 894 2928 Spaldiny:
921 2871 979 2913 ad
996 2871 1232 2913 hominem
1257 2879 1335 2912 AG
1354 2874 1402 2912 at
1418 2871 1460 2912 h.
1481 2878 1605 2911 αῐἹΙ
1623 2871 1676 2911 ut
1692 2869 1735 2911 h.
1756 2877 1800 2910 P
