2055 3130
767 51 843 94 m.
877 55 918 104 8,
953 56 1140 94 10-—22.
1698 54 1798 106 167

118 190 308 251 deinde,
364 190 472 238 fieri
517 207 614 238 non
661 206 815 251 posse.
887 207 999 238 cum
1054 194 1219 238 autem
1275 192 1332 238 de
1386 192 1478 240 hoc
1533 194 1801 253 quaeritur,

120 266 402 312 coniectura
464 268 557 312 est:
621 281 680 310 an
737 265 950 312 Isthmos
1004 265 1257 323 intercidi,
1313 281 1375 312 an
1431 267 1605 313 siccari
1658 267 1801 328 palus

118 338 397 400 Pomptina,
455 355 516 385 an
570 342 744 399 portus
798 338 906 385 fieri
955 338 1121 386 Ostiae
1175 340 1347 400 possit,
1403 355 1466 387 an
1521 340 1802 387 Alexander

117 415 274 460 terras
320 413 454 459 ultra
501 411 749 459 Oceanum
789 414 856 459 sit
900 414 1205 460 inventurus.
1261 413 1346 460 sed
1383 414 1436 459 in
1481 414 1543 460 iis
1593 430 1801 475 quoque,
1829 414 1887 458 17

73 504 92 535 5
120 502 244 547 quae
285 487 531 534 constabit
570 501 710 546 posse
760 486 887 545 fieri,
941 488 1222 535 coniectura
1269 487 1537 548 aliquando
1597 489 1704 547 erit,
1761 490 1803 535 si

119 563 395 621 quaeretur,
435 575 499 607 an
530 560 702 621 utique
735 560 959 607 futurum
991 562 1071 619 sit,
1109 564 1168 608 ut
1194 560 1542 624 Carthaginem
1569 565 1803 622 superent

117 633 342 693 Romani,
382 637 439 680 ut
475 634 645 681 redeat
682 634 950 693 Hannibal,
991 636 1033 682 si
1074 634 1238 696 Scipio
1279 637 1547 682 exercitum
1584 636 1637 681 in
1669 636 1801 682 Afri-

116 723 224 755 cam
263 708 596 767 transtulerit,
646 711 707 758 ,ut
754 711 950 755 servent
994 708 1140 756 fidem
1182 709 1444 767 Samnites,
1500 711 1543 756 si
1587 710 1802 756 Romani

117 797 254 828 arma
294 781 623 843 deposuerint.
673 782 915 843 quaedam
956 785 1006 830 et
1043 782 1151 829 fieri
1196 799 1338 844 posse
1387 786 1435 830 et
1482 784 1652 830 futura
1699 800 1801 832 esse

50 874 92 905 10
118 855 349 903 credibile
391 858 478 915 est,
519 856 603 903 sed
642 859 730 903 aut
769 857 867 903 alio
906 858 1127 918 tempore
1169 861 1256 904 aut
1295 858 1393 904 alio
1433 857 1540 905 loco
1583 860 1669 905 aut
1702 858 1800 905 alio

113 929 273 977 modo.

225 1004 325 1050 Ubi
364 1005 672 1052 coniecturae
713 1020 811 1050 non
852 1006 945 1051 erit
983 1005 1136 1063 locus,
1177 1005 1277 1052 alia
1313 1008 1428 1052 sunt
1458 1006 1711 1053 intuenda.
1753 1007 1802 1052 et
1828 1006 1888 1049 18

112 1077 328 1139 primum
384 1080 471 1125 aut
523 1081 726 1139 propter
771 1080 932 1139 ipsam
978 1094 1104 1139 rem,
1153 1079 1211 1125 de
1259 1095 1358 1140 qua
1412 1082 1685 1127 sententiae
1724 1096 1800 1127 ro-

115 1155 310 1215 gantur,
351 1152 729 1212 consultabitur,
770 1156 857 1199 aut
895 1156 1100 1214 propter
1139 1153 1262 1201 alias
1301 1154 1683 1201 intervenientes
1724 1170 1803 1200 ex-

48 1244 89 1275 15
115 1227 357 1273 trinsecus
383 1241 569 1274 causas.
594 1230 798 1288 propter
821 1228 980 1287 ipsam
1010 1223 1305 1275 ‘deliberant
1329 1230 1495 1289 patres
1521 1229 1803 1290 conscripti,

116 1316 178 1346 an
220 1301 519 1362 stipendium
557 1301 712 1347 militi
761 1297 1103 1349 constituant'.
1159 1301 1279 1349 haec
1333 1303 1543 1349 materia
1595 1303 1804 1363 simplex
1830 1302 1892 1346 19

114 1376 231 1435 erit3
272 1375 510 1422 accedunt
550 1391 725 1422 causae
777 1379 864 1422 aut
902 1375 1119 1423 faciendi
1174 1369 1254 1440 (ut
1295 1371 1590 1423 edeliberant
1637 1379 1803 1438 patres

116 1449 398 1510 conscripti,
439 1465 503 1496 an
542 1449 721 1497 Fabios
763 1450 945 1497 dedant
987 1448 1145 1497 Gallis
1185 1450 1370 1497 bellum
1410 1448 1802 1513 minitantibus’)

115 1524 203 1569 aut
241 1539 341 1569 non
379 1523 614 1571 faciendi:
671 1523 912 1571 deliberat
954 1523 1002 1572 C.
1053 1523 1247 1584 Caesar,
1303 1541 1366 1571 an
1419 1529 1699 1586 perseveret
1752 1527 1806 1572 in

48 1616 90 1646 20
117 1596 433 1644 Germaniam
471 1599 557 1656 ire,
610 1614 720 1646 cum
759 1599 942 1646 milites
990 1599 1176 1659 passim
1221 1602 1520 1646 testamenta
1570 1600 1802 1647 facerent.

112 1671 205 1718 hae
246 1674 495 1719 suasoriae
529 1672 747 1733 duplices
781 1676 908 1719 sunt.
950 1688 1062 1719 nam
1100 1675 1149 1719 et
1178 1673 1283 1720 illic
1316 1689 1465 1721 causa
1498 1673 1804 1721 deliberandi
1829 1673 1894 1718 20

114 1748 202 1805 est,
265 1746 396 1807 quod
456 1746 640 1793 bellum
697 1744 827 1793 Galli
882 1748 1190 1806 minitentur,
1246 1763 1348 1795 esse
1410 1751 1577 1795 tamen
1639 1751 1804 1809 potest

114 1821 354 1880 quaestio,
403 1820 673 1867 dedendine
721 1821 910 1867 fuerint
950 1822 1101 1868 etiam
1142 1823 1266 1868 citra
1307 1822 1434 1868 hanc
1471 1822 1803 1869 denuntiatio-

112 1910 240 1953 nem,
280 1896 368 1955 qui
406 1897 580 1942 contra
626 1896 724 1954 fas,
773 1911 883 1942 cum
930 1895 1086 1958 legati
1135 1897 1275 1943 missi
1329 1899 1505 1955 essent,
1559 1897 1804 1957 proelium

45 1987 87 2018 25
111 1969 317 2016 inierint
354 1985 634 2031 regemque,
690 1969 752 2016 ad
801 1985 949 2030 quem
1002 1969 1238 2017 mandata
1293 1973 1599 2031 acceperant,
1653 1971 1803 2018 truci-

113 2043 302 2090 darint:
357 2046 407 2090 et
460 2044 540 2090 hic
586 2044 712 2090 nihil
761 2042 942 2091 Caesar
989 2045 1093 2091 sine
1150 2044 1298 2092 dubio
1355 2044 1651 2092 deliberaret
1704 2046 1802 2093 nisi
1827 2044 1888 2089 21

111 2121 315 2178 propter
364 2118 490 2164 hanc
544 2118 766 2165 militum
819 2118 1260 2179 perturbationem,
1316 2121 1391 2166 est
1443 2121 1609 2166 tamen
1665 2119 1800 2167 locus

113 2191 396 2252 quaerendi,
448 2207 512 2238 an
552 2193 678 2239 citra
716 2192 845 2240 hunc
886 2208 1082 2253 quoque
1122 2208 1291 2240 casum
1339 2193 1702 2254 penetrandum
1748 2195 1802 2240 in

114 2265 432 2314 Germaniam
471 2267 636 2313 fuerit.
692 2282 883 2327 semper
923 2269 1088 2313 autem
1128 2266 1186 2313 de
1238 2283 1294 2314 eo
1341 2269 1478 2329 prius
1525 2268 1802 2328 loquemur,

45 2358 88 2389 30
113 2340 172 2387 de
213 2356 311 2401 quo
352 2340 615 2388 deliberari
655 2341 806 2387 etiam
846 2341 1080 2388 detractis
1122 2341 1440 2402 sequentibus
1479 2343 1650 2403 possit.

222 2414 396 2461 Partes
422 2414 664 2462 suadendi
689 2415 894 2476 quidam
917 2418 1223 2476 putaverunt
1253 2416 1588 2475 honestum,
1621 2416 1800 2475 utile,
1827 2415 1889 2458 22

113 2491 528 2536 necessarium.
571 2505 660 2551 ego
700 2505 800 2535 non
838 2490 1036 2536 invenio
1075 2490 1193 2537 huic
1232 2490 1409 2536 tertiae
1435 2491 1610 2537 locum.
1647 2507 1801 2551 quan-

114 2562 293 2610 talibet
331 2564 460 2609 enim
501 2563 577 2610 vis
616 2565 835 2626 ingruat,
877 2563 1071 2624 aliquid
1110 2563 1321 2611 fortasse
1352 2566 1462 2626 pati
1492 2579 1688 2612 necesse
1721 2566 1801 2625 sit,

233 2753 259 2791 5
290 2750 344 2791 ut
375 2749 415 2792 si
446 2748 546 2791 ΡΤ2
668 2753 721 2791 12
756 2751 802 2792 et
834 2763 902 2792 om
926 2748 988 2790 ,1¹
1019 2751 1066 2792 et
1097 2749 1299 2804 primum
1332 2763 1400 2792 om
1426 2758 1471 2792 P
1493 2750 1608 2804 (add
1642 2750 1799 2804 Valla)

235 2812 289 2851 18
320 2808 608 2852 minantibus
641 2817 678 2850 Α
710 2811 814 2852 item
846 2813 900 2851 22
1055 2813 1108 2851 19
1145 2811 1194 2851 ut
1227 2809 1458 2852 deliberat
1497 2810 1682 2852 Badius

114 2871 168 2909 21
203 2866 276 2910 illi
306 2874 352 2909 B
470 2872 525 2911 23
559 2870 690 2911 extra
721 2876 758 2909 A
880 2872 934 2910 27
969 2868 1059 2925 est]
1093 2870 1140 2910 et
1170 2876 1216 2910 B
