2055 3130
263 73 366 126 192
749 73 1122 126 QVINTILIANI
1151 74 1300 117 INST.
1337 73 1428 117 OR.

167 212 233 255 39
258 212 537 259 adversario
575 215 810 272 praestat,
849 215 904 258 ut
935 213 1052 259 fecit
1081 228 1170 273 pro
1202 212 1401 274 Ligario
1430 212 1609 260 Cicero.
1650 214 1769 274 quid
1794 217 1922 261 enim

259 285 437 348 agebat
477 285 612 331 alind
649 286 808 332 ironia
846 285 947 345 illa,
989 301 1135 345 quam
1166 288 1225 332 ut
1256 284 1434 333 Caesar
1464 287 1624 334 minus
1657 303 1708 335 se
1737 289 1790 334 in
1820 304 1923 334 rem

257 361 511 418 tamquam
551 373 647 404 non
686 374 865 404 novam
903 356 1213 405 intenderet?
1261 359 1379 419 quid
1416 374 1505 419 pro
1548 358 1727 421 Caelio,
1775 376 1923 421 quam

257 435 313 478 ut
351 447 427 478 res
468 432 804 492 expectatione
843 433 1003 478 minor
1041 430 1322 478 videretur?

168 502 234 546 40
370 504 553 550 Verum
593 520 650 550 ex
688 504 765 562 iis,
805 520 929 564 quae
968 506 1327 565 proposuimus,
1368 505 1503 551 aliud
1534 505 1584 551 in
1618 506 1716 553 alio
1749 521 1922 568 genere

259 593 433 624 causae
474 577 742 624 desiderari
780 578 947 638 palam
988 581 1073 625 est.
1115 594 1293 639 genera
1331 593 1476 638 porro
1518 594 1775 626 causarum
1813 580 1922 641 plu-

255 651 368 696 rimi
401 652 613 711 quinque
645 650 884 697 fecerunt:
923 651 1253 711 honestum,
1292 652 1534 711 humile,
1575 652 1815 699 dubium
1845 654 1925 700 vel

256 739 491 784 anceps,
533 723 907 783 admirabile,
948 723 1283 783 obscurum,
1307 724 1358 770 id
1392 726 1466 772 est
1489 723 1703 785 ἔνδοξον,
1728 722 1923 789 ἄδοξον,

255 794 547 858 ἀμφίδοξον,
601 795 896 860 παράδοξον,
949 796 1501 859 ὁυσπαρακολούθητονε
1566 799 1739 858 quibus
1794 802 1923 846 recte

255 870 450 916 videtur
504 870 633 916 adici
685 872 879 930 turpe,
943 870 1071 930 quod
1124 871 1211 917 alii
1265 871 1453 930 humili,
1509 871 1595 918 alii
1647 872 1924 919 admirabili

163 940 227 985 41
256 943 515 990 subiciunt.
542 943 829 990 admirabile
856 946 1020 990 autem
1044 948 1235 1003 vocant,
1269 944 1398 1004 quod
1423 946 1496 992 est
1519 948 1713 1005 praeter
1737 947 1924 1006 opinio-

255 1032 365 1063 nem
404 1016 655 1063 hominum
693 1019 1026 1064 constitutum.
1065 1019 1117 1064 in
1157 1017 1363 1078 ancipiti
1399 1020 1608 1064 maxime
1646 1019 1925 1066 benivolum

256 1089 479 1149 iudicem,
531 1092 584 1136 in
623 1090 828 1137 obscuro
868 1090 1089 1148 docilem,
1139 1093 1189 1136 in
1229 1091 1406 1137 humili
1457 1094 1700 1138 attentum
1751 1108 1923 1153 parare

260 1163 503 1210 debemus.
559 1180 673 1210 nam
711 1164 971 1210 honestum
1012 1164 1207 1224 quidem
1248 1165 1309 1210 ad
1361 1165 1755 1212 conciliationem
1804 1168 1924 1213 satis

163 1234 230 1278 42
255 1253 343 1297 per
373 1252 422 1283 se
455 1237 608 1283 valet:
642 1237 693 1283 in
719 1237 998 1284 admirabili
1031 1241 1079 1284 et
1102 1238 1237 1298 turpi
1261 1237 1486 1285 remediis
1514 1254 1634 1299 opus
1668 1242 1753 1286 est.
1789 1243 1836 1286 et
1868 1255 1922 1286 eo

258 1309 457 1370 quidam
497 1310 746 1357 exordium
786 1312 836 1356 in
884 1311 1002 1357 duas
1058 1311 1288 1357 dividunt
1336 1311 1509 1372 partis,
1563 1314 1925 1372 principium

257 1386 304 1430 et
342 1384 835 1443 insinuationem,
882 1387 938 1430 ut
977 1385 1042 1431 sit
1080 1384 1131 1429 in
1170 1386 1424 1444 principiis
1463 1388 1597 1432 recta
1646 1385 1923 1433 benivolen-

255 1458 355 1503 tiae
406 1459 455 1502 et
505 1457 793 1503 attentionis
843 1457 1135 1517 postulatio:
1188 1473 1312 1517 quae
1363 1459 1482 1519 quia
1533 1473 1634 1505 esse
1685 1461 1738 1505 in
1791 1460 1926 1519 turpi

257 1545 432 1577 causae
488 1546 660 1592 genere
726 1546 821 1577 non
880 1532 1048 1591 possit,
1117 1531 1384 1578 insinuatio
1447 1531 1679 1593 subrepat
1733 1534 1923 1591 animis,

254 1603 462 1649 maxime
502 1603 587 1649 ubi
626 1604 759 1650 frons
799 1619 973 1651 causae
1014 1620 1110 1651 non
1151 1606 1270 1651 satis
1310 1605 1514 1652 honesta
1556 1607 1641 1664 est,
1691 1606 1769 1652 vel
1809 1607 1926 1667 quia

255 1692 330 1724 res
371 1677 435 1723 sit
473 1677 698 1737 improba
738 1678 815 1724 vel
857 1678 974 1737 quia
1012 1678 1290 1724 hominibus
1330 1693 1503 1738 parum
1542 1679 1788 1740 probetur,
1841 1682 1925 1726 aut

255 1752 299 1797 si
338 1751 463 1797 facie
503 1766 694 1811 quoque
741 1753 850 1811 ipsa
899 1753 1140 1811 premitur
1194 1753 1272 1798 vel
1321 1752 1565 1799 invidiosa
1615 1754 1925 1800 consistentis

256 1839 312 1870 ex
352 1823 543 1871 diverso
583 1826 782 1884 patroni
822 1829 908 1870 aut
947 1827 1102 1884 patris
1151 1826 1228 1871 vel
1274 1825 1544 1872 miserabili
1590 1827 1733 1883 senis,
1780 1828 1925 1886 caeci,

162 1896 230 1940 43
256 1897 473 1944 infantis.
527 1901 574 1943 et
626 1898 822 1957 quidem
863 1897 1040 1958 quibus
1082 1898 1310 1945 adversus
1349 1899 1468 1946 haec
1506 1899 1663 1946 modis
1714 1900 1779 1946 sit
1826 1916 1923 1946 me-

256 1970 482 2026 dendum,
521 1971 772 2018 verbosius
812 1971 1016 2018 tradunt
1063 1974 1389 2032 materiasque
1441 1972 1533 2020 sibi
1586 1974 1684 2033 ipsi
1731 1972 1925 2035 fingunt

255 2046 304 2090 et
343 2044 404 2090 ad
443 2060 626 2091 morem
667 2045 914 2091 actionum
945 2048 1285 2105 prosecuntur:
1326 2045 1409 2092 sed
1440 2046 1530 2093 hae
1564 2062 1671 2092 cum
1706 2049 1924 2093 oriantur

257 2133 312 2162 ex
352 2117 525 2176 causis,
567 2133 774 2177 quarum
814 2119 996 2178 species
1037 2120 1266 2179 consequi
1313 2135 1476 2166 omnes
1516 2136 1613 2166 non
1651 2135 1923 2180 possumus,

255 2192 351 2238 nisi
369 2191 662 2253 generaliter
687 2191 1159 2252 conprehenduntur,
1184 2192 1235 2238 in
1259 2192 1505 2238 infinitum
1532 2196 1644 2239 sunt
1670 2194 1922 2239 extrahen-

165 2263 233 2308 44
259 2264 361 2310 dae.
402 2280 552 2324 quare
592 2266 798 2327 singulis
839 2266 1096 2312 consilium
1137 2282 1191 2312 ex
1231 2266 1430 2326 propria
1460 2266 1651 2313 ratione
1682 2269 1921 2314 nascetur.

372 2437 396 2474 3
429 2449 473 2489 p.
507 2432 626 2477 Cael.
661 2439 713 2477 31

375 2629 399 2666 2
435 2639 480 2667 se
513 2639 582 2667 om
614 2633 649 2666 A
785 2630 808 2668 5
841 2626 1060 2680 proposui
1092 2633 1180 2667 BP
1312 2630 1335 2667 9
1371 2627 1477 2668 sunt
1509 2626 1676 2681 quibus
1708 2634 1796 2668 BP

258 2687 312 2724 10
345 2683 557 2725 videatur
590 2690 774 2738 PBqN,
807 2698 906 2728 corr
938 2692 1014 2726 Bn
1138 2689 1189 2727 15
1223 2684 1270 2726 in
1303 2699 1371 2727 om
1403 2693 1439 2726 A
1468 2686 1473 2740 Ι
1502 2687 1548 2727 et
1580 2699 1631 2728 eo
1664 2693 1767 2728 BP:
1802 2698 1853 2727 eo
1887 2693 1923 2726 A

375 2746 429 2783 23
454 2741 733 2785 miserabilis
767 2744 894 2786 libri:
926 2757 1025 2786 corr
1058 2743 1282 2800 Spalding)
1424 2748 1479 2785 24
1511 2743 1701 2798 quidam
1733 2751 1805 2785 Pa

257 2804 310 2841 26
350 2804 688 2854 persequuntur
735 2810 816 2843 ΡΤ
853 2804 857 2857 Ι
901 2802 987 2844 hae
1042 2802 1188 2845 Stoer:
1231 2802 1345 2844 haec
1525 2807 1579 2845 28
1628 2801 1922 2857 comprehen-

259 2859 429 2901 dantur
460 2867 504 2901 P

1950 890 1990 922 10

1949 1258 1989 1290 15

1950 1625 1991 1656 20

1949 1991 1989 2022 25
