2055 3130
753 72 826 114 VI.
863 77 902 126 3,
938 77 1125 115 17—26.
1675 72 1780 123 333

97 211 332 260 dicacitas
386 213 490 259 sine
541 210 690 258 dubio
743 227 772 258 a
826 210 1054 270 dicendo,
1111 210 1244 271 quod
1299 214 1372 258 est
1427 212 1560 258 omni
1614 212 1781 272 generi

98 302 368 345 commune,
419 286 567 331 ducta
619 286 707 343 est,
762 286 960 348 proprie
999 287 1166 331 tamen
1214 284 1460 346 significat
1509 300 1781 331 sermonem

98 376 209 406 cum
245 360 350 406 risu
390 359 582 419 aliquos
622 359 958 406 incessentem.
998 358 1109 406 ideo
1141 358 1506 405 Demosthenen
1539 357 1777 404 urbanum

96 434 246 481 fuisse
288 433 469 492 dicunt,
511 433 725 480 dicacem
765 435 962 494 negant.

52 526 71 557 5
207 506 467 567 Proprium
509 508 669 553 autem
712 507 965 565 materiae,
1005 506 1063 553 de
1105 521 1201 566 qua
1241 521 1372 552 nunc
1404 506 1668 566 loquimur,
1709 506 1783 552 est
1809 508 1870 551 22

96 580 381 639 ridiculum,
435 580 643 641 ideoque
690 580 810 627 haec
857 583 966 627 tota
1020 580 1296 640 disputatio
1346 595 1374 625 a
1427 578 1626 627 Graecis
1673 576 1782 641 περὶ

96 653 288 718 γελοίου
342 654 641 701 inscribitur.
706 656 809 701 eius
867 656 1029 714 prima
1083 654 1261 701 divisio
1315 653 1532 700 traditur
1597 653 1782 710 eadem,

99 744 226 788 quae
260 730 335 774 est
367 728 524 776 omnis
551 729 802 787 orationis,
843 732 899 774 ut
925 730 988 775 sit
1012 728 1230 788 positum
1261 729 1314 774 in
1337 727 1483 774 rebus
1518 742 1573 774 ac
1604 727 1780 773 verbis.

96 817 215 849 usus
257 806 423 848 autem
461 803 673 848 maxime
712 803 914 862 triplex:
963 804 1051 848 aut
1090 803 1220 849 enim
1261 817 1317 848 ex
1357 803 1468 848 aljis
1507 802 1660 847 risum
1700 817 1782 862 pe-
1809 803 1871 846 23

31 894 73 924 10
98 878 247 923 timus
288 878 375 922 aut
415 892 471 921 ex
509 875 649 923 nobis
691 878 776 922 aut
824 892 881 922 ex
927 876 1069 923 rebus
1118 876 1305 922 mediis.
1359 875 1521 921 aliena
1573 881 1660 921 aut
1708 889 1783 920 re-

96 949 381 1010 prendimus
424 952 509 996 aut
548 950 823 996 refutamus
865 953 951 996 aut
999 950 1245 996 elevamus
1296 952 1382 996 aut
1427 950 1782 1009 repercutimus

97 1026 184 1071 aut
236 1023 492 1070 eludimus.
548 1027 719 1070 nostra
780 1023 987 1070 ridicule
1050 1024 1324 1070 indicamus
1388 1026 1450 1082 et,
1514 1024 1571 1068 ut
1634 1022 1782 1069 verbo

99 1096 344 1145 Ciceronis
389 1100 514 1155 utar,
555 1097 763 1144 dicimus
791 1098 960 1158 aliqua
993 1098 1312 1145 subabsurda.
1353 1113 1565 1158 namque
1600 1096 1783 1156 eadem,

99 1187 238 1232 quae,
272 1173 315 1218 si
338 1171 734 1232 imprudentibus
768 1171 1009 1229 excidant,
1051 1172 1207 1219 stulta
1240 1174 1368 1230 sunt,
1402 1173 1444 1218 si
1476 1171 1782 1229 simulamus,

30 1263 70 1294 15
96 1248 303 1293 venusta
344 1245 619 1292 creduntur.
674 1247 879 1293 tertium
927 1249 1000 1292 est
1047 1261 1213 1308 genus,
1264 1250 1319 1292 ut
1364 1245 1494 1292 idem
1547 1245 1681 1304 dicit,
1731 1245 1783 1290 in
1810 1245 1873 1289 24

99 1318 397 1380 decipiendis
439 1321 878 1380 expectationibus,
928 1320 1072 1368 dictis
1122 1320 1267 1367 aliter
1315 1319 1610 1380 accipiendis
1659 1321 1782 1365 cete-

96 1395 277 1453 risque,
326 1409 452 1454 quae
492 1397 718 1440 neutram
756 1410 1017 1455 personam
1058 1396 1353 1456 contingunt
1390 1393 1598 1454 ideoque
1639 1409 1667 1439 a
1707 1409 1784 1440 me

96 1467 259 1514 media
299 1467 545 1514 dicuntur.
601 1469 721 1514 item
759 1468 970 1515 ridicula
1018 1470 1105 1514 aut
1158 1469 1364 1515 facimus
1422 1470 1509 1514 aut
1559 1467 1782 1514 dicimus.
1810 1468 1871 1512 25

96 1541 227 1588 facto
297 1543 426 1588 risus
499 1542 790 1589 conciliatur
857 1543 1055 1589 interim
1127 1542 1345 1588 admixta
1408 1543 1669 1603 gravitate,
1725 1544 1784 1588 ut

30 1633 72 1664 20
97 1616 159 1661 M.
189 1614 382 1662 Caelius
423 1618 636 1676 praetor,
677 1631 785 1662 cum
827 1617 1000 1663 sellam
1042 1617 1144 1663 eius
1186 1617 1403 1663 curulem
1446 1616 1614 1664 consul
1646 1615 1784 1662 Isau-

96 1691 225 1737 ricus
272 1689 515 1751 fregisset,
569 1691 774 1736 alteram
822 1692 990 1751 posuit
1040 1692 1159 1737 loris
1214 1690 1471 1750 intentam,
1528 1689 1784 1737 dicebatur

97 1766 263 1810 autem
311 1764 482 1810 consul
523 1779 550 1809 a
598 1767 740 1824 patre
788 1764 957 1827 flagris
1015 1764 1282 1826 aliquando
1339 1780 1528 1811 caesus:
1583 1764 1785 1811 interim

96 1839 199 1884 sine
239 1840 465 1898 respectu
503 1838 720 1898 pudoris,
768 1842 824 1885 ut
871 1839 921 1884 in
968 1839 1059 1885 illa
1105 1839 1288 1899 puxide
1341 1838 1589 1896 Caeliana,
1653 1837 1784 1898 quod

96 1927 254 1973 neque
296 1913 479 1958 oratori
519 1928 677 1972 neque
716 1912 807 1958 ulli
831 1913 938 1960 viro
976 1914 1116 1974 gravi
1141 1914 1415 1959 conveniat.
1455 1913 1586 1959 idem
1618 1915 1785 1958 autem
1810 1912 1872 1956 26

32 2002 72 2034 25
100 1986 158 2032 de
198 1985 341 2032 vultu
381 1988 620 2047 gestuque
658 1987 866 2034 ridiculo
908 1987 1096 2033 dictum
1135 1987 1218 2034 sit:
1260 1988 1312 2033 in
1354 1987 1530 2047 quibus
1572 1989 1645 2033 est
1679 1987 1783 2046 qui-

100 2059 208 2105 dem
249 2060 426 2121 gratia,
468 2060 552 2107 sed
591 2063 760 2121 maior,
803 2077 912 2107 cum
953 2064 1152 2122 captare
1191 2063 1346 2108 risum
1385 2077 1483 2108 non
1529 2060 1784 2119 videntur,

94 2133 221 2179 nihil
276 2135 406 2180 enim
461 2137 533 2180 est
587 2134 685 2194 his,
742 2151 865 2196 quae
912 2131 949 2197 †
997 2135 1180 2182 dicenti
1234 2136 1364 2183 salsa
1419 2135 1664 2194 dicuntur,
1709 2134 1783 2181 in-

218 2324 272 2361 13
312 2320 372 2362 De
406 2321 520 2362 orat.
556 2327 595 2373 2,
632 2324 699 2373 71,
733 2324 818 2363 289
852 2346 906 2352 -
942 2324 996 2363 20
1029 2336 1074 2376 p.
1109 2320 1232 2364 Cael.
1267 2325 1335 2374 29,
1371 2325 1424 2363 69

218 2487 240 2524 6
275 2480 621 2538 τερισολυγίσον
660 2491 695 2524 V
870 2488 892 2525 9
925 2483 1097 2539 triplex
1128 2484 1182 2527 ed
1217 2484 1376 2528 Colons
1410 2483 1607 2539 simplex

100 2548 153 2583 15)
187 2544 269 2583 aut
299 2543 367 2585 ult
405 2550 485 2585 Va:
520 2545 674 2585 autem
711 2543 788 2586 rell
927 2548 979 2585 12
1013 2543 1208 2586 ridicule
1243 2544 1435 2600 Reqius:
1466 2542 1665 2586 ridicula

102 2605 153 2642 13
194 2614 304 2642 nam
344 2602 576 2655 quaedam
615 2616 693 2645 eoec
734 2603 922 2646 Cassiod
1134 2608 1187 2646 16
1229 2603 1484 2657 ceterisque
1526 2615 1644 2655 quae
1685 2610 1781 2644 1²1⁷:

99 2660 357 2714 ceterisque
390 2668 441 2702 Μ
471 2660 635 2703 ceteris
670 2674 788 2715 quae
821 2669 900 2702 AG
1044 2667 1097 2703 22
1130 2661 1289 2715 flagris
1332 2670 1478 2704 PI'JI:
1519 2661 1665 2717 fingis
1705 2669 1785 2703 AG

218 2723 272 2760 23
307 2719 431 2774 quod
456 2727 550 2763 ΡΠ
585 2734 675 2774 quo
701 2728 834 2762 ΑΕΗ
953 2726 1006 2762 25
1042 2721 1099 2764 de
1116 2722 1168 2763 ed
1188 2722 1350 2776 Camp:
1384 2721 1465 2763 sed
1490 2729 1660 2762 AGU!
1680 2721 1718 2762 si
1743 2729 1788 2762 P

220 2782 274 2820 26
307 2778 460 2834 gratia
491 2787 551 2822 P:
601 2793 781 2822 summa
822 2780 975 2827 gratia
1007 2781 1089 2822 rell
1130 2783 1230 2835 (sua
1262 2795 1329 2835 gr.
1364 2781 1605 2837 Spaldiny‘)

99 2841 154 2879 27
171 2839 241 2880 est
252 2844 385 2878 ΛΕΜ
393 2855 401 2880 :
430 2852 485 2880 ex
509 2846 593 2880 ΡΙ·
614 2840 618 2894 Ι
648 2839 823 2881 dicenti
847 2838 968 2881 falsa
994 2839 1212 2883 dicuntur
1235 2847 1271 2880 A
1291 2839 1452 2882 dicunt
1470 2838 1594 2882 salsa
1612 2839 1657 2894 (f.
1681 2842 1783 2892 GM)

99 2895 319 2939 dicuntur
341 2897 433 2950 fere
455 2905 625 2939 PVGJI
639 2903 753 2953 puto
771 2898 1062 2941 indecentius
1082 2899 1204 2942 salsa
1228 2899 1496 2942 indicantur
1521 2898 1643 2952 chX
1662 2903 1701 2950 2,
1727 2902 1782 2939 40
