2055 3130
251 75 360 126 214
747 72 1122 125 QVINTILIAM
1151 71 1301 114 INST.
1336 72 1427 116 ΟΒ.

250 215 426 274 potest,
468 215 553 258 aut
593 213 742 258 etiam
779 213 1029 272 prooemia
1069 213 1184 256 sunt
1222 211 1273 256 in
1303 211 1379 257 his
1405 212 1563 257 causis
1597 226 1920 271 supervacua:

252 302 376 346 quae
418 284 534 345 quid
565 285 723 346 magis
757 286 923 346 agunt,
965 299 1114 344 quam
1144 286 1200 330 ut
1232 285 1502 346 cognitioni
1532 299 1696 330 rerum
1728 284 1920 331 adcom-

250 359 573 405 modatiorem
611 357 823 404 iudicem
861 355 1079 404 faciant?
1119 358 1261 417 atqui
1285 356 1530 403 constabit
1552 372 1793 417 nusquam
1817 372 1920 404 esse

252 447 417 478 eorum
457 433 693 478 maiorem
730 446 887 488 usum,
927 446 1076 490 quam
1114 429 1199 475 ubi
1238 431 1427 476 animus
1458 429 1633 476 iudicis
1661 429 1720 476 ab
1753 430 1920 490 aliqua

163 505 223 550 81
252 507 420 552 contra
474 519 561 551 nos
615 504 765 550 insita
819 505 1048 564 opinione
1102 502 1365 550 flectendus
1422 506 1507 549 est.
1571 503 1919 550 coniecturales

251 581 416 624 autem
448 592 636 636 causae,
667 578 718 622 in
751 576 932 637 quibus
965 576 1024 623 de
1056 576 1186 623 facto
1221 578 1489 636 quaeritur,
1528 592 1625 622 non
1648 579 1752 622 tam
1777 591 1920 636 saepe

248 653 334 711 rei,
374 651 432 697 de
472 667 570 710 qua
607 650 844 696 iudicium
883 653 970 707 est,
1012 665 1159 709 quam
1191 665 1370 709 eorum,
1410 665 1496 708 per
1528 664 1651 710 quae
1684 664 1759 696 res
1786 650 1920 696 colli—

251 724 409 786 genda
449 727 534 784 est,
575 723 928 784 expositionem
966 722 1162 768 habent.
1214 738 1338 783 quae
1387 737 1496 768 cum
1545 725 1798 770 accusator
1844 737 1921 769 su-

251 799 457 858 spiciose
497 800 676 856 narret,
721 812 832 843 reus
870 796 1034 842 levare
1075 795 1399 856 suspicionem
1439 795 1628 853 debeat,
1676 795 1823 842 aliter
1861 795 1922 841 ab

163 870 224 914 82
250 871 341 918 1100
382 873 529 931 atque
570 870 630 916 ab
677 870 764 916 1110
814 869 875 915 ad
920 869 1132 915 iudicem
1178 868 1384 929 perferri
1431 871 1637 928 oportet.
1694 871 1746 915 at
1792 870 1922 916 enim

251 944 493 1004 quaedam
540 946 829 1005 argumenta
878 942 1025 989 turba
1073 942 1255 1000 valent,
1307 942 1505 989 diducta
1555 943 1741 989 leviora
1795 945 1922 989 sunt.

249 1017 301 1063 id
342 1017 538 1077 quidem
577 1033 675 1064 non
715 1032 769 1063 eo
810 1018 1036 1076 pertinet,
1080 1019 1135 1062 ut
1176 1019 1454 1076 quaeratur,
1501 1031 1563 1062 an
1610 1015 1923 1074 narrandum,

251 1091 335 1137 sed
374 1105 470 1150 quo
510 1090 653 1137 modo
693 1089 993 1136 narrandum
1031 1089 1108 1136 sit.
1149 1105 1263 1135 nam
1304 1092 1351 1135 et
1390 1103 1648 1151 congerere
1688 1089 1832 1149 plura
1870 1090 1924 1135 in

251 1166 554 1224 expositione
595 1163 712 1224 quid
751 1163 993 1223 prohibet,
1033 1164 1076 1209 si
1113 1162 1163 1208 id
1204 1163 1324 1208 utile
1366 1166 1438 1209 est
1477 1177 1672 1221 causae,
1725 1165 1774 1209 et
1811 1178 1924 1222 pro-

250 1236 481 1284 mittere?
529 1237 613 1284 sed
653 1240 701 1283 et
741 1236 958 1283 dividere
999 1237 1332 1282 narrationem
1373 1238 1420 1281 et
1459 1235 1771 1295 probationes
1812 1235 1921 1283 sub-

164 1310 226 1354 83
251 1313 453 1373 iungere
492 1310 714 1370 partibus
756 1313 902 1370 atque
942 1309 1013 1355 ita
1053 1311 1263 1355 transire
1289 1309 1351 1355 ad
1387 1306 1676 1369 sequentia?
1714 1325 1923 1369 namque

251 1401 310 1430 ne
351 1386 420 1430 eis
460 1384 655 1444 quidem
697 1383 885 1441 accedo,
927 1384 1012 1443 qui
1050 1397 1240 1443 semper
1280 1398 1334 1429 eo
1374 1385 1552 1443 putant
1591 1381 1780 1441 ordine,
1828 1398 1924 1443 quo

252 1457 370 1518 quid
410 1461 574 1504 actum
613 1457 691 1515 sit,
732 1471 833 1503 esse
865 1456 1177 1517 narrandum,
1217 1455 1301 1503 sed
1333 1471 1386 1502 00
1420 1456 1547 1502 111310
1573 1470 1787 1514 11311310,
1828 1471 1924 1516 quo

253 1531 460 1591 expedit.
503 1531 633 1590 quod
665 1530 768 1576 fieri
801 1530 1030 1590 plurimis
1063 1529 1230 1591 figuris
1263 1529 1391 1575 licet.
1433 1545 1546 1575 nam
1578 1531 1626 1575 et
1658 1529 1924 1589 aliquando

251 1604 391 1651 nobis
432 1604 664 1651 excidisse
705 1604 1005 1659 simulamus,
1046 1618 1156 1649 cum
1196 1602 1314 1662 quid
1353 1603 1549 1649 utiliore
1588 1603 1695 1649 loco
1735 1602 1923 1649 reduci·
1948 1643 1965 1650 -

251 1692 374 1736 mus,
415 1681 463 1724 et
500 1678 700 1724 interim
739 1692 826 1723 nos
866 1676 1144 1723 reddituros
1183 1677 1386 1722 relicum
1420 1676 1638 1723 ordinem
1670 1678 1925 1733 testamur,

165 1749 227 1794 84
253 1751 369 1812 quia
421 1753 489 1798 sic
534 1752 703 1797 futura
752 1752 816 1797 sit
863 1765 1009 1797 causa
1064 1749 1291 1797 lucidior:
1346 1751 1545 1796 interim
1597 1766 1648 1795 re
1704 1751 1926 1809 exposita

254 1825 590 1885 subiungimus
632 1839 823 1883 causas,
872 1840 995 1885 quae
1043 1827 1419 1870 antecesserunt.
1450 1839 1625 1884 neque
1675 1824 1804 1869 enim
1853 1825 1926 1870 est

252 1914 350 1945 11113
390 1898 467 1944 lex
507 1898 800 1945 defensionis
841 1902 1122 1958 certumque
1169 1898 1546 1958 praescriptum:
1594 1912 1683 1957 pro
1722 1911 1789 1953 re,
1836 1912 1924 1957 pro

253 1976 471 2032 tempore
511 1971 748 2018 intuenda
789 1986 914 2030 quae
954 1973 1157 2031 prosint,
1199 1973 1345 2031 atque
1385 1974 1441 2016 ut
1481 1972 1573 2016 erit
1611 1970 1804 2029 vulnus,
1851 1971 1924 2016 ita
1951 1987 1968 2017 Ξ

253 2046 331 2092 vel
383 2044 652 2092 curandum
705 2046 951 2105 protinus,
1013 2044 1112 2102 vel,
1169 2046 1210 2089 si
1264 2045 1454 2090 curatio
1510 2043 1696 2090 differri
1749 2046 1926 2104 pot-est,

166 2117 228 2161 85
253 2120 453 2165 interim
505 2118 833 2180 deligandum.
885 2133 972 2164 nec
1019 2119 1213 2177 saepius
1261 2133 1459 2164 narrare
1507 2117 1726 2163 duxerim
1774 2117 1925 2176 nefas,

256 2192 385 2252 quod
420 2191 585 2239 Cicero
611 2208 698 2252 pro
727 2191 950 2238 Cluentio
978 2191 1107 2249 fecit,
1147 2194 1315 2251 estque
1341 2207 1437 2237 non
1463 2205 1742 2237 concessum
1766 2189 1926 2248 modo,

257 2265 341 2312 sed
382 2265 645 2325 aliquando
687 2267 836 2311 etiam
875 2266 1215 2323 necessarium,
1254 2267 1313 2310 ut
1350 2265 1402 2309 in
1442 2266 1600 2311 causis
1632 2263 1925 2324 repetunda-

255 2356 364 2384 rum
404 2339 738 2398 omnibusque,
789 2349 913 2399 quae
960 2338 1203 2398 simplices
1258 2354 1355 2385 non
1403 2340 1541 2396 sunt,
1597 2337 1804 2384 amentis
1852 2339 1926 2384 est

256 2413 385 2459 enim
432 2412 775 2473 superstitione
822 2415 1196 2472 praeceptorum
1242 2413 1413 2458 contra
1463 2413 1704 2458 rationem
1751 2425 1925 2458 causae

168 2483 231 2527 86
255 2486 400 2533 trahi.
443 2487 776 2533 narrationem
815 2485 924 2532 ideo
966 2488 1077 2532 ante
1126 2484 1440 2545 probationes
1494 2500 1675 2545 ponere
1731 2487 1806 2531 est
1853 2484 1925 2530 in-

377 2631 398 2667 1
434 2629 515 2668 aut
546 2639 598 2668 eo
633 2625 774 2667 etiam
805 2632 894 2666 BP
1039 2629 1063 2666 3
1106 2627 1245 2677 atque
1289 2632 1358 2666 Pb
1511 2627 1563 2665 13
1602 2623 1737 2679 plura
1780 2624 1828 2666 in
1868 2632 1924 2666 A:

255 2684 392 2739 plura
422 2692 510 2726 BP
552 2684 753 2739 plurima
787 2691 866 2725 ΤΡ
1014 2688 1067 2725 14
1102 2683 1214 2737 quid
1257 2683 1406 2727 Stoer:
1449 2682 1551 2738 quis
1697 2686 1749 2724 18
1781 2683 1924 2739 111310]

256 2743 391 2786 1110ᾱο
424 2751 511 2785 BP
639 2747 693 2785 20
725 2742 858 2785 nobis
891 2750 927 2784 A
970 2743 1025 2784 Vt
1051 2756 1084 2797 p
1116 2746 1222 2784 426:
1256 2755 1326 2785 om
1357 2749 1445 2783 BP
1577 2745 1630 2782 21
1664 2741 1926 2784 reddituros

255 2810 292 2843 Α
331 2802 409 2844 Vt:
439 2802 708 2844 reducturos
740 2809 828 2843 BP
987 2806 1040 2842 22
1075 2802 1184 2854 quia
1216 2815 1282 2844 om
1318 2808 1362 2842 B
1387 2803 1391 2854 Ι
1421 2799 1625 2857 interim]
1658 2800 1707 2842 in
1738 2807 1782 2842 B

257 2865 310 2903 27
345 2860 539 2903 dixerim
568 2868 657 2903 BP

1947 887 1989 918 10

1950 1252 1989 1283 15

1951 2353 2055 2384 30*
