2055 3130
664 59 739 102 ΙΠ.
776 65 844 114 10,
880 65 1006 103 1—5.
1042 65 1110 114 11,
1146 65 1272 104 1—6.
1709 63 1814 113 179

133 203 359 259 tinens,
413 201 492 247 vel
542 204 600 246 ut
647 200 735 246 alii
773 203 966 259 vocant,
1021 200 1478 246 firmamentum.
1537 202 1815 261 quaestio

134 275 287 322 latius
326 273 635 337 intellegitur
675 275 847 332 omnis,
888 273 946 320 de
987 289 1087 333 qua
1124 275 1177 319 in
1216 277 1479 334 utramque
1511 277 1706 333 partem
1737 275 1817 321 vel

133 350 181 395 in
210 349 376 409 plures
403 347 499 394 dici
524 347 824 393 credibiliter
854 350 1031 408 potest.
1071 348 1124 392 in
1156 346 1379 394 iudiciali
1411 351 1577 394 autem
1607 350 1816 394 materia

136 422 399 484 dupliciter
431 420 712 481 accipienda
746 424 841 467 est:
881 421 1037 466 altero
1071 421 1230 480 modO,
1266 437 1361 481 quo
1395 421 1600 468 dicimus
1632 422 1816 468 multas
1849 422 1878 466 2

91 514 109 545 5
136 497 447 557 quaestiones
516 494 695 540 habere
759 494 1167 554 controversiam,
1230 510 1326 555 quo
1390 495 1541 542 etiam
1603 496 1816 543 minores

136 570 294 617 omnis
356 568 737 629 complectimur,
801 568 970 624 altero,
1028 584 1122 629 quo
1179 568 1512 632 significamus
1575 584 1819 616 summam

135 644 289 702 illam,
326 642 379 688 in
419 657 519 703 qua
560 657 706 688 causa
745 644 970 689 vertitur.
1013 641 1070 687 de
1110 643 1203 689 hac
1234 658 1364 689 nunc
1395 644 1585 704 loquor,
1627 659 1684 690 ex
1719 659 1818 704 qua

135 718 356 765 nascitur
394 718 571 775 status,
613 732 673 763 an
714 716 901 762 factum
941 716 1020 774 sit,
1063 716 1180 776 quid
1219 717 1406 763 factum
1448 718 1534 780 sit,
1582 733 1644 763 an
1684 720 1817 764 recte

135 791 327 838 factum
366 790 443 837 sit.
483 790 572 836 has
612 789 944 852 Hermagoras
986 793 1034 836 et
1065 790 1397 850 Apollodorus
1431 794 1479 838 et
1505 791 1594 837 alii
1617 791 1817 852 plurimi
1852 793 1881 835 3

69 883 110 913 10
136 865 396 925 scriptores
451 865 649 924 proprie
705 864 1091 924 quaestiones
1157 868 1357 924 vocant,
1413 865 1712 924 Theodorus,
1762 867 1820 911 ut

135 939 251 998 dixi,
292 937 494 998 capita
534 938 866 1000 generalia,
915 940 1042 985 sicut
1080 937 1192 985 illas
1232 938 1444 986 minores
1486 942 1572 986 aut
1621 955 1677 985 ex
1716 939 1818 985 illis

133 1012 400 1073 pendentes
441 1013 755 1072 specialia:
808 1028 923 1058 nam
964 1015 1013 1059 et
1053 1012 1390 1072 quaestionem
1432 1029 1489 1059 ex
1531 1015 1819 1073 quaestione

134 1086 269 1133 nasci
309 1088 358 1132 et
397 1087 609 1146 speciem
648 1087 700 1132 in
752 1088 937 1146 species
986 1086 1142 1132 dividi
1196 1087 1437 1135 convenit.
1492 1087 1619 1134 hane
1664 1088 1821 1150 igitur
1853 1093 1883 1137 4

136 1160 476 1221 quaestionem
536 1160 692 1206 veluti
754 1161 1081 1221 principalem
1147 1164 1327 1207 vocant
1382 1160 1582 1223 ζήτημα.
1660 1162 1819 1208 ratio

69 1253 110 1282 ιε,
136 1237 300 1281 autem
341 1237 428 1294 est,
469 1251 567 1295 qua
606 1234 671 1293 id,
727 1235 855 1295 quod
895 1235 1082 1281 factum
1123 1250 1224 1282 esse
1266 1238 1475 1294 constat,
1528 1235 1818 1282 defenditur.

135 1311 185 1355 et
240 1324 325 1355 cur
379 1324 477 1354 non
530 1311 730 1355 utamur
785 1309 968 1367 eodem,
1024 1324 1120 1369 quo
1177 1312 1292 1356 sunt
1352 1309 1429 1356 usi
1483 1326 1649 1357 omnes
1704 1311 1820 1368 fere,

135 1381 390 1443 exemplo?
443 1381 640 1429 Orestes
681 1385 889 1430 mat-rem
929 1383 1129 1430 occidit:
1192 1383 1283 1430 hoc
1324 1386 1530 1430 constat.
1595 1384 1716 1430 dicit
1771 1399 1820 1430 se

134 1459 265 1504 iuste
306 1457 500 1504 fecisse:
543 1459 700 1503 status
743 1459 837 1503 erit
877 1457 1150 1518 qualitatis,
1192 1459 1432 1518 quaestio,
1481 1474 1545 1504 an
1583 1460 1712 1505 iuste
1753 1459 1821 1504 fe-

136 1532 276 1590 cerit,
332 1532 486 1590 ratio,
541 1531 672 1591 quod
728 1530 1086 1593 Clytaemestra
1132 1531 1365 1578 maritum
1415 1548 1577 1592 suum,
1628 1535 1822 1594 patrem

69 1622 112 1653 20
137 1603 340 1664 Orestis,
381 1605 582 1652 occidit:
623 1605 714 1653 hoc
754 1605 911 1652 αἴτιον
952 1606 1145 1665 dicitur,
1197 1604 1487 1668 κρινόμενον
1537 1609 1702 1653 autem
1748 1608 1821 1652 iu-

135 1679 334 1739 dicatio,
375 1695 438 1725 an
479 1681 751 1740 oportuerit
790 1680 869 1727 vel
908 1683 1165 1727 nocentem
1204 1684 1414 1727 matrem
1454 1696 1483 1726 a
1515 1680 1618 1727 filio
1651 1680 1821 1727 occidi.

138 1753 339 1814 quidam
372 1754 645 1801 diviserunt
677 1753 833 1800 αἵτιον
875 1756 922 1800 et
955 1753 1128 1817 αζτίαν,
1167 1756 1224 1800 ut
1258 1758 1383 1801 esset
1416 1755 1586 1816 altera,
1619 1758 1823 1815 propter
1855 1762 1883 1806 5

136 1843 286 1888 quam
327 1827 564 1875 iudicium
604 1830 930 1875 constitutum
982 1831 1076 1886 est,
1130 1831 1187 1875 ut
1241 1829 1401 1875 occisa
1450 1828 1822 1890 Clytaemestra,

139 1903 310 1961 altera,
353 1918 449 1962 qua
488 1902 676 1949 factum
709 1902 1001 1962 defenditur,
1042 1904 1098 1949 ut
1131 1904 1316 1950 occisus
1342 1904 1698 1965 Agamemnon.
1740 1903 1824 1950 sed

70 1993 112 2025 25
136 1978 280 2022 tant-a
320 1980 395 2023 est
434 1978 564 2023 circa
602 1976 753 2023 verba
793 1977 1048 2035 dissensio,
1088 1979 1145 2023 ut
1183 1977 1271 2023 alii
1311 1977 1471 2023 αἰτίαν
1513 1993 1711 2024 causam
1749 1979 1824 2023 iu-

137 2050 268 2109 dicii,
309 2049 464 2097 αἴτιον
505 2053 669 2097 autem
708 2051 830 2097 facti
868 2055 1058 2108 vocent,
1100 2050 1190 2097 alii
1229 2050 1397 2098 eadem
1435 2052 1489 2097 in
1522 2053 1825 2099 contrarium

136 2128 347 2171 vertant.
387 2123 681 2171 Latinorum
724 2125 926 2186 quidam
965 2126 1085 2172 haec
1125 2125 1373 2172 initium
1428 2129 1476 2172 et
1528 2127 1823 2173 rationem

136 2201 458 2258 vocaverunt,
512 2199 714 2260 quidam
767 2202 1034 2260 utrumque
1083 2199 1253 2246 eodem
1306 2200 1501 2246 nomine
1550 2200 1821 2261 appellant.

139 2287 285 2319 causa
319 2289 512 2334 quoque
546 2290 602 2320 ex
635 2289 799 2332 causa,
824 2273 874 2319 id
901 2277 975 2320 est
999 2273 1157 2321 αἴτιον
1182 2272 1229 2330 ἐξ
1256 2273 1428 2326 αἰτίου,
1454 2276 1591 2320 nasci
1614 2274 1823 2334 videtur,
1858 2282 1887 2325 6

72 2363 115 2395 30
141 2347 285 2407 quale
325 2350 418 2394 est:
467 2347 646 2394 occidit
684 2348 1106 2410 Agamemnonem
1149 2347 1528 2409 Clytaemestra,
1577 2350 1694 2409 quia
1740 2349 1825 2395 ille

139 2421 293 2467 filiam
333 2437 639 2468 commune-m
677 2422 1025 2469 immolaverat
1073 2424 1122 2469 et
1162 2423 1411 2484 captivam
1460 2423 1700 2483 paelicem
1740 2422 1824 2469 ad-

141 2494 362 2542 ducebat.
415 2495 544 2542 idem
585 2499 769 2556 putant
809 2499 857 2542 et
898 2496 985 2543 sub
1025 2512 1124 2543 una
1166 2497 1453 2557 quaestione
1502 2512 1604 2543 esse
1658 2497 1825 2558 plures

140 2569 370 2628 rationes,
420 2572 478 2616 ut
518 2571 560 2616 si
600 2568 795 2618 Orestes
838 2573 887 2617 et
926 2571 1135 2617 alteram
1176 2570 1368 2617 adferat
1408 2586 1607 2618 causam
1652 2573 1825 2617 matris

142 2645 359 2703 necatae,
414 2643 545 2705 quod
583 2645 830 2705 responsis
871 2646 936 2691 sit
974 2645 1220 2706 inpulsus:
1273 2646 1394 2705 quot
1442 2647 1607 2692 autem
1654 2659 1826 2692 causas

76 2732 116 2764 35
141 2716 368 2775 faciendi,
406 2718 615 2764 totidem
653 2718 999 2778 iudicationes3
1040 2734 1157 2765 nam
1197 2721 1245 2765 et
1283 2719 1404 2766 haec
1444 2718 1537 2766 erit
1574 2719 1827 2778 iudicatio,

264 2876 288 2914 2
323 2872 470 2915 omnis
502 2887 588 2927 res,
623 2874 680 2917 de
713 2887 806 2928 qua
838 2874 1064 2930 Spalding]

1476 2948 1561 2990 12*
