2055 3130
773 76 849 120 IV.
884 81 924 130 2,
958 81 1145 119 26—35.
1698 77 1806 129 205

119 233 217 264 uno
258 217 405 264 verbo
444 218 498 264 in
537 216 759 278 qualibet-
799 218 1008 263 actionis
1057 220 1197 278 parte
1244 216 1407 276 posit-0
1456 216 1576 263 satis
1623 217 1808 264 indice-

118 295 215 338 tur.
256 291 341 338 sed
378 291 499 338 haec
537 291 787 337 hactenus.

233 365 394 423 Nunc,
435 380 559 425 quae
592 365 658 410 sit
689 362 925 410 narrandi
955 365 1100 422 ratio,
1133 362 1440 425 subiungam.
1481 363 1701 410 narratio
1728 365 1802 410 est
1827 363 1888 406 31

119 440 194 485 rei
232 438 392 485 factae
435 441 522 484 aut
560 440 618 484 ut
655 437 817 484 factae
858 437 997 484 utilis
1024 437 1086 483 ad
1118 436 1514 498 persuadendum
1547 437 1802 497 expositio,

75 530 95 561 5
120 513 213 572 vel,
252 515 310 558 ut
350 511 682 572 Apollodorus
723 510 854 569 finit,
910 511 1068 557 oratio
1110 510 1286 557 docens
1331 504 1628 569 auditorem,
1685 511 1806 571 quid

118 587 170 632 in
222 585 557 632 controversia
607 587 684 631 sit.
741 601 850 631 eam
899 585 1123 646 plerique
1178 585 1441 645 scriptores
1495 585 1804 646 maximeque

118 661 208 720 qui
260 661 375 705 sunt
430 658 491 704 ab
545 659 764 705 Isocrate
818 658 994 705 volunt
1049 674 1151 705 esse
1206 659 1493 718 lucidam,
1547 659 1804 717 brevem,

117 732 244 779 veri
285 732 554 780 similem.
595 748 754 794 neque
796 734 926 779 enim
965 733 1132 791 refert,
1181 748 1244 778 an
1282 749 1373 793 pro
1412 733 1577 779 lucida
1616 733 1805 793 perspi-

118 822 275 867 cuam,
329 822 420 868 pro
459 807 564 853 veri
619 806 770 853 simili
821 806 1129 867 probabilem
1176 807 1518 853 credibilemve
1569 806 1803 854 dicamus.

50 899 93 930 10
119 880 290 928 eadem
327 880 468 927 nobis
508 881 672 941 placet
725 880 919 940 divisio,
970 896 1275 941 quamquam
1315 884 1363 927 et
1402 880 1695 928 Aristoteles
1745 881 1804 928 ab
1831 880 1895 924 32

115 954 333 1001 Isocrate
378 958 520 1016 parte
568 956 620 1001 in
666 970 765 1001 una
817 954 1116 1013 dissenserit,
1171 957 1492 1016 praeceptum
1544 954 1805 1002 brevitatis

115 1028 348 1088 inridens,
399 1034 658 1089 tamquam
697 1044 893 1076 necesse
942 1029 1006 1076 sit
1057 1029 1256 1090 longam
1314 1044 1415 1076 esse
1472 1032 1558 1076 aut
1607 1029 1806 1076 brevem

118 1103 473 1164 expositionem
512 1119 601 1149 nec
640 1104 790 1151 liceat
827 1104 899 1149 ire
924 1119 1013 1164 per
1036 1103 1268 1161 medium,
1310 1103 1585 1150 Theodorei
1611 1119 1806 1164 quoque

116 1177 274 1224 solam
312 1177 598 1238 relinquant
637 1178 870 1224 ultimam
907 1179 1116 1238 partem,
1172 1177 1289 1238 quia
1329 1192 1417 1224 nec
1455 1177 1672 1224 breviter
1710 1178 1806 1224 uti-

50 1268 93 1300 15
121 1267 214 1311 que
253 1267 342 1298 nec
382 1251 595 1298 dilucide
634 1266 828 1312 semper
860 1252 924 1297 sit
948 1252 1071 1298 utile
1097 1268 1348 1312 exponere.
1393 1267 1488 1312 quo
1515 1251 1805 1315 diligentius
1832 1250 1896 1294 33

118 1325 467 1388 distinguenda
518 1328 635 1373 sunt
690 1325 898 1389 singula,
954 1328 1010 1372 ut
1066 1325 1186 1387 quid
1236 1341 1431 1387 quoque
1486 1326 1592 1373 loco
1647 1326 1809 1386 prosit

117 1399 386 1446 ostendam.

226 1474 461 1520 Narratio
503 1477 577 1520 est
616 1476 701 1520 aut
741 1477 850 1521 tota
887 1490 977 1535 pro
1017 1473 1157 1521 nobis
1207 1477 1295 1520 aut-
1341 1476 1449 1521 tota
1496 1490 1585 1534 pro
1635 1474 1806 1521 adver-

116 1547 259 1595 sariis
299 1550 387 1594 aut
425 1548 582 1595 mixta
622 1564 680 1595 ex
717 1549 958 1609 utrisque.
1001 1549 1042 1596 si
1082 1548 1175 1595 erit
1212 1550 1321 1595 tota
1358 1564 1448 1609 pro
1488 1548 1645 1607 nobis,
1694 1563 1806 1595 con-

47 1639 91 1670 20
114 1621 242 1668 tenti
282 1637 448 1668 sumus
496 1623 572 1669 his
619 1622 778 1669 tribus
824 1622 1065 1683 partibus,
1116 1638 1204 1683 per
1256 1638 1377 1683 quas
1434 1621 1659 1681 efficitur,
1708 1639 1804 1683 quo

115 1696 310 1743 facilius
350 1695 497 1743 iudex
534 1697 810 1759 intellegat,
850 1698 1143 1755 meminerit,
1192 1697 1373 1743 credat.
1413 1712 1501 1743 nec
1543 1696 1806 1758 quisquam
1831 1693 1895 1739 34

113 1770 428 1831 reprensione
470 1770 674 1834 dignum
713 1773 872 1832 putet,
925 1770 1056 1832 quod
1105 1771 1449 1832 proposuerim
1500 1786 1622 1830 eam,
1678 1786 1804 1832 quae

115 1845 181 1890 sit
219 1846 327 1892 tota
366 1861 454 1905 pro
494 1845 648 1905 nobis,
682 1844 856 1892 debere
891 1860 993 1891 esse
1034 1846 1140 1892 veri
1172 1846 1399 1905 similem,
1439 1860 1549 1891 cum
1582 1861 1699 1892 vera
1726 1847 1804 1893 sit.

116 1921 233 1965 sunt
284 1919 415 1965 enim
468 1919 684 1980 plurima
739 1936 857 1967 vera
908 1919 1121 1980 quidem,
1173 1919 1257 1966 sed
1306 1934 1485 1980 parum
1535 1919 1805 1979 credibilia,

47 2009 90 2040 25
118 1992 245 2039 sicut
282 1993 410 2039 falsa
452 2009 645 2055 quoque
685 1994 972 2054 frequenter
1011 1994 1116 2040 veri
1156 1993 1351 2040 similia.
1393 2008 1543 2054 quare
1583 2009 1682 2040 non
1716 1995 1805 2040 mi-

115 2082 207 2113 nus
246 2066 573 2114 laborandum
613 2070 699 2127 est,
747 2072 803 2114 ut
848 2068 994 2115 iudex
1043 2083 1169 2128 quae
1217 2083 1329 2114 vere
1387 2068 1595 2114 dicimus
1655 2083 1804 2129 quam

116 2156 242 2201 quae
266 2140 497 2203 fingimus
532 2141 712 2189 credat.
753 2141 870 2188 sunt
903 2141 1101 2203 quidem
1131 2142 1238 2204 hae,
1279 2157 1403 2203 quas
1435 2157 1586 2203 supra
1617 2142 1804 2199 rettuli,
1830 2143 1894 2188 35

114 2215 324 2262 virtutes
365 2216 576 2262 aliarum
619 2232 814 2278 quoque
854 2216 1095 2277 partium3
1135 2233 1252 2263 nam
1284 2220 1334 2263 et
1356 2232 1444 2277 per
1467 2220 1627 2263 totam
1652 2218 1805 2263 actio-

115 2305 228 2336 nem
265 2290 470 2337 vitanda
511 2293 584 2337 est
615 2290 903 2351 obscuritas,
945 2293 994 2337 et
1024 2290 1200 2337 modus
1232 2291 1415 2351 ubique
1441 2289 1805 2350 custodiendus,

46 2380 92 2411 30
117 2366 167 2410 et.
205 2363 460 2410 credibilia
501 2379 604 2411 esse
643 2367 840 2426 oportet
890 2366 1071 2424 omnia,
1128 2380 1255 2426 quae
1304 2364 1546 2411 dicuntur.
1593 2364 1805 2412 maxime

114 2439 283 2484 tamen
336 2438 458 2485 haec
504 2439 556 2485 in
611 2454 668 2486 ea
721 2441 863 2500 parte
919 2439 1241 2486 custodienda
1280 2442 1409 2500 sunt,
1465 2454 1590 2500 quae
1644 2439 1807 2500 prima-

238 2611 262 2650 ‘a'
293 2607 380 2664 fig.
415 2613 440 2651 9
474 2608 502 2651 s
536 2635 589 2641 -
626 2614 680 2652 10
712 2609 848 2653 Rhet.
884 2614 922 2662 3,
959 2614 1012 2652 16

236 2774 263 2811 4
297 2773 378 2813 ant
407 2785 501 2814 non
532 2772 688 2815 factae
718 2780 765 2814 B
892 2777 945 2815 12
979 2786 1081 2816 esse
1113 2787 1184 2816 om
1216 2780 1306 2815 BP
1445 2777 1500 2815 14
1531 2772 1804 2827 relinquunt

117 2836 207 2870 BP
289 2834 351 2931 ¹213
383 2831 526 2873 simus
559 2839 603 2873 P
627 2834 632 2886 Ι
659 2831 733 2873 his
766 2845 835 2875 om
867 2839 956 2873 BP
1045 2836 1101 2874 30
1133 2832 1335 2875 maxime
1368 2832 1546 2889 tamen]
1579 2832 1804 2874 maxime-

116 2900 208 2942 que
240 2896 286 2930 P
349 2906 385 2930 n
