2007 3120
637 108 692 152 Π.
725 113 766 162 4,
801 112 989 151 37—42.
1023 112 1063 162 5,
1098 112 1225 151 1—8.
1715 109 1784 160 85

98 265 126 295 a
167 249 504 311 grammaticis
530 249 744 311 exigitur
774 251 1034 309 poetarum
1059 248 1321 308 enarratio,
1361 250 1433 295 ita
1458 251 1563 310 ipse
1591 265 1785 310 quoque

96 324 330 370 historiae
371 325 520 383 atque
561 323 711 369 etiam
751 324 912 384 magis
954 324 1235 369 orationum
1275 323 1485 370 lectione
1535 326 1785 383 susceptos

98 413 127 444 a
167 413 216 444 se
258 397 524 458 discipulos
563 397 866 444 instruxerit.
924 397 1055 458 quod
1094 411 1181 443 nos
1228 397 1280 442 in
1335 396 1521 457 paucis,
1579 412 1787 457 quorum

95 471 145 518 id
189 474 323 518 aetas
365 470 591 534 exigebat
631 473 681 517 et
718 473 948 531 parentes
981 470 1105 517 utile
1139 486 1242 517 esse
1269 470 1591 531 crediderant,
1624 485 1786 517 serva-

97 547 284 592 vimus:
325 547 538 592 ceterum
579 545 903 592 sentientibus
943 545 1045 592 iam
1084 548 1192 591 tum
1232 546 1420 605 optima
1454 545 1577 592 duae
1609 560 1686 592 res
1713 546 1786 590 in—

30 933 71 964 10

97 619 378 680 pedimento
405 619 619 678 fuerunt,
661 619 791 679 quod
825 620 873 666 et
898 618 1048 681 longa
1082 618 1382 666 consuetudo
1411 619 1557 666 aliter
1581 618 1788 666 docendi

97 694 281 740 fecerat
319 694 494 755 legem,
535 695 584 739 et
622 693 816 740 robusti
862 694 962 740 fere
1009 694 1211 740 iuvenes
1259 708 1347 739 nec
1393 693 1524 739 hunc
1570 692 1788 740 laborem

98 767 432 815 desiderantes
474 767 753 828 exemplum
792 770 1022 814 nostrum
1062 767 1407 828 sequebantur.
1463 782 1552 814 nec
1606 770 1788 826 tamen,

97 843 248 888 etiam
288 843 329 889 Si
369 841 491 902 quid
529 841 646 889 novi
684 841 764 888 vel
790 857 896 889 sero
927 842 1239 898 invenissem,
1279 842 1562 902 praecipere
1594 842 1644 887 in
1677 856 1788 903 pos-

97 919 258 962 terum
297 916 518 976 puderet.
559 931 689 962 nunc
729 932 845 963 vero
887 917 986 963 scio
1026 915 1078 961 id
1117 915 1223 962 fieri
1264 915 1394 976 apud
1437 914 1664 974 Graecos,
1705 914 1788 962 sed

95 991 255 1052 magis
295 1007 384 1051 per
424 985 692 1051 adiutores,
735 991 852 1051 quia
877 1005 975 1037 non
1001 990 1231 1036 videntur
1255 992 1480 1051 tempora
1507 990 1788 1050 suffectura,

97 1065 137 1111 si
176 1064 454 1127 legentibus
495 1064 704 1127 singulis
743 1065 935 1125 praeire
978 1079 1168 1124 semper
1214 1065 1313 1125 ipsi
1359 1064 1528 1111 velint.
1586 1066 1634 1110 et
1680 1064 1788 1109 her-

96 1138 203 1186 cule
235 1139 519 1200 praelectio,
571 1154 695 1199 quae
749 1140 802 1185 in
856 1139 948 1185 hoc
1000 1138 1276 1198 adhibetur,
1331 1141 1388 1185 ut
1441 1139 1587 1185 facile
1640 1141 1787 1199 atque

96 1212 328 1260 distincte
368 1213 511 1274 pueri
553 1214 738 1274 scripta
779 1213 933 1260 oculis
977 1215 1261 1273 sequantur,
1311 1214 1460 1260 etiam
1501 1213 1612 1273 illa,
1662 1228 1787 1273 quae

54 1306 70 1333 ἵ,
95 1288 198 1333 vim
239 1288 477 1348 cuiusque
517 1287 668 1347 verbi,
710 1288 752 1335 si
778 1287 907 1349 quod
936 1289 1098 1334 minus
1123 1288 1366 1334 usitatum
1391 1287 1592 1346 incidat,
1634 1286 1788 1346 docet,

94 1362 308 1408 multum
346 1362 479 1409 infra
518 1361 730 1409 rhetoris
772 1361 989 1409 officium
1024 1361 1353 1408 existimanda
1386 1364 1472 1408 est.
1516 1364 1567 1409 at
1592 1361 1787 1409 demon-

96 1437 251 1483 strare
293 1437 503 1483 virtutes
544 1436 638 1496 vel,
686 1437 728 1483 si
770 1436 966 1497 quando
1017 1436 1089 1482 ita
1140 1431 1341 1496 incidat,
1390 1435 1531 1496 vitia,
1579 1436 1630 1482 id
1676 1451 1787 1496 pro-

94 1510 324 1558 fessionis
349 1511 453 1557 eius
481 1512 628 1572 atque
652 1512 899 1572 promissi,
940 1526 1036 1571 quo
1072 1525 1121 1557 se
1146 1512 1443 1573 magistrum
1476 1511 1789 1571 eloquentiae

0 1631 1 1639 ,
73 1583 373 1647 pollicetur,
413 1585 625 1631 maxime
665 1586 918 1646 proprium
949 1587 1036 1644 est,
1077 1600 1133 1632 eo
1160 1585 1358 1646 quidem
1383 1585 1615 1645 validius,
1656 1584 1789 1645 quod

0 1676 71 1707 ,20

0 2023 70 2078 }25

29 2417 72 2449 30

32 2786 73 2818 35

96 1674 194 1705 non
233 1659 406 1720 utique
446 1660 576 1706 hunc
615 1659 836 1706 laborem
877 1659 1157 1706 docentium
1196 1659 1419 1720 postulo,
1467 1662 1524 1706 ut
1573 1659 1635 1706 ad
1682 1675 1789 1721 gre-

94 1734 250 1779 mium
288 1733 533 1780 revocatis
583 1734 722 1781 cuius
773 1734 979 1794 quisque
1028 1749 1197 1780 eorum
1244 1733 1368 1780 velit
1415 1733 1531 1780 libri
1576 1733 1788 1780 lectione

95 1807 388 1855 deserviant.
430 1823 546 1855 nam
570 1808 694 1855 mihi
720 1823 830 1855 cum
857 1807 1068 1867 facilius,
1092 1810 1200 1854 tum
1234 1808 1384 1854 etiam
1408 1808 1566 1854 multo
1592 1807 1790 1855 videtur

93 1883 253 1944 magis
293 1883 430 1943 utile,
472 1883 604 1930 facto
646 1882 843 1929 silentio
883 1899 1037 1929 unum
1077 1881 1294 1942 aliquem
1329 1875 1484 1947 (quod
1508 1882 1668 1943 ipsum
1697 1884 1787 1928 im-

93 1956 258 2018 perari
305 1973 394 2018 per
442 1956 573 2004 vices
623 1958 866 2018 optimum
923 1949 1021 2021 est)
1077 1955 1374 2003 constituere
1429 1956 1679 2015 lectorem,
1733 1959 1790 2003 ut

95 2031 323 2092 protinus
362 2032 761 2092 pronuntiationi
801 2046 996 2092 quoque
1038 2031 1354 2078 adsuescant:
1408 2033 1518 2077 tum
1565 2030 1789 2092 exposita

96 2120 259 2164 causa,
298 2107 351 2152 in
391 2121 537 2166 quam
592 2107 777 2167 scripta
828 2106 1024 2168 legetur
1078 2106 1237 2153 oratio
1287 2098 1428 2156 (nam
1483 2106 1552 2153 sic
1608 2105 1787 2152 clarius

97 2195 221 2240 quae
263 2180 488 2226 dicentur
526 2172 752 2243 intellegi
775 2173 1051 2245 poterunt),
1091 2179 1217 2225 nihil
1242 2180 1456 2227 otiosum
1487 2181 1610 2240 pati,
1637 2179 1788 2240 quod-

96 2270 192 2315 que
231 2254 284 2301 in
323 2255 611 2302 inventione
653 2254 881 2316 quodque
921 2254 971 2301 in
1014 2253 1289 2301 elocutIOne
1317 2253 1656 2301 adnotandum
1681 2253 1787 2314 erit,

97 2343 222 2388 quae
261 2329 315 2375 in
354 2330 607 2390 prooemio
649 2328 950 2377 conciliandi
987 2328 1164 2375 iudicis
1205 2328 1351 2388 ratio,
1393 2344 1519 2389 quae
1551 2327 1788 2375 narrandi

95 2402 194 2461 lux,
240 2402 482 2463 brevitas,
539 2403 673 2463 fides,
723 2403 855 2464 quod
910 2402 1180 2463 aliquando
1229 2403 1489 2450 consilium
1538 2404 1588 2449 et
1636 2418 1788 2464 quam

96 2477 289 2524 occulta
330 2477 601 2525 calliditas:
657 2493 870 2538 namque
919 2493 976 2525 ea
1015 2477 1121 2524 sola
1169 2478 1220 2523 in
1277 2478 1368 2524 hoc
1409 2492 1488 2524 ars
1530 2478 1616 2537 est,
1660 2492 1787 2538 quae

95 2551 320 2614 intellegi
358 2553 457 2598 nisi
504 2552 564 2599 ab
614 2551 801 2599 artifice
848 2567 946 2599 non
991 2552 1173 2613 possit:
1222 2553 1412 2612 quanta
1459 2550 1688 2612 deinceps
1735 2552 1787 2597 in

97 2623 358 2673 dividendo
398 2626 678 2687 prudentia,
718 2642 868 2687 quam
907 2625 1102 2674 subtilis
1137 2628 1185 2673 et
1210 2625 1379 2673 crebra
1404 2626 1787 2686 argumentatio,

99 2699 276 2758 quibus
315 2699 504 2748 viribus
536 2701 758 2762 inspiret,
800 2716 897 2761 qua
921 2700 1229 2747 iucunditate
1253 2699 1574 2760 permulceat,
1601 2702 1788 2760 quanta

97 2773 150 2818 in
188 2773 464 2821 maledictis
505 2775 761 2836 asperitas,
800 2775 852 2820 in
892 2774 1012 2822 iocis
1052 2774 1326 2834 urbanitas,
1365 2776 1422 2820 ut
1453 2773 1662 2834 denique
1704 2773 1786 2820 do-

218 2888 243 2926 8
275 2887 537 2930 nostrorum
570 2886 735 2930 Usener
858 2891 910 2928 21
945 2885 1169 2941 cuiusque
1195 2899 1354 2928 eorum
1384 2884 1546 2927 liberis
1572 2891 1609 2924 A
1635 2883 1785 2926 cuius-

100 2956 189 2998 que
221 2956 379 2987 eorum
413 2944 524 2988 velit
554 2945 665 2987 libri
698 2952 751 2987 N
836 2949 891 2988 30
926 2945 1178 2999 aliquando
1204 2949 1246 2987 et
1276 2946 1322 2987 et
1354 2958 1424 2988 om
1459 2945 1515 2988 Vt
1530 2957 1567 2998 p
1592 2947 1691 2996 430,
1730 2947 1784 2985 33

1848 549 1875 592 [θ

1854 2025 1876 2068 *Ι
