<?xml version="1.0" encoding="UTF-8"?>
<!DOCTYPE html PUBLIC "-//W3C//DTD XHTML 1.0 Transitional//EN"
    "http://www.w3.org/TR/xhtml1/DTD/xhtml1-transitional.dtd">
<html xmlns="http://www.w3.org/1999/xhtml" xml:lang="en" lang="en">
 <head>
  <title>
</title>
<meta http-equiv="Content-Type" content="text/html;charset=utf-8" />
  <meta name='ocr-system' content='tesseract 3.04.00' />
  <meta name='ocr-capabilities' content='ocr_page ocr_carea ocr_par ocr_line ocrx_word'/>
</head>
<body>
  <div class='ocr_page' id='page_1' title='image "./institvtionisora00quinuoft/institvtionisora00quinuoft_0035.png"; bbox 0 0 2007 3120; ppageno 0'>
   <div class='ocr_carea' id='block_1_1' title="bbox 783 91 1800 143">
    <p class='ocr_par' dir='ltr' id='par_1_1' title="bbox 783 91 1800 143">
     <span class='ocr_line' id='line_1_1' title="bbox 783 91 1800 143; baseline 0.002 -10"><span class='ocrx_word' id='word_1_1' title='bbox 783 91 816 134; x_wconf 90' lang='lat' dir='ltr'>I.</span> <span class='ocrx_word' id='word_1_2' title='bbox 862 95 901 143; x_wconf 82' lang='grc'>2,</span> <span class='ocrx_word' id='word_1_3' title='bbox 939 96 1124 134; x_wconf 81' lang='lat'>11—25.</span> <span class='ocrx_word' id='word_1_4' title='bbox 1735 93 1800 143; x_wconf 82' lang='lat'>17</span> 
     </span>
    </p>
   </div>
   <div class='ocr_carea' id='block_1_2' title="bbox 35 231 1890 2818">
    <p class='ocr_par' dir='ltr' id='par_1_2' title="bbox 105 231 1888 516">
     <span class='ocr_line' id='line_1_2' title="bbox 107 231 1888 293; baseline -0.001 -11"><span class='ocrx_word' id='word_1_5' title='bbox 107 248 269 282; x_wconf 86' lang='lat' dir='ltr'>cemus</span> <span class='ocrx_word' id='word_1_6' title='bbox 309 231 428 293; x_wconf 81' lang='lat' dir='ltr'>quid</span> <span class='ocrx_word' id='word_1_7' title='bbox 464 231 564 293; x_wconf 90' lang='lat' dir='ltr'>ipsi</span> <span class='ocrx_word' id='word_1_8' title='bbox 602 246 878 292; x_wconf 88' lang='lat' dir='ltr'>sequamur.</span> <span class='ocrx_word' id='word_1_9' title='bbox 921 233 1035 277; x_wconf 90' lang='lat' dir='ltr'>ante</span> <span class='ocrx_word' id='word_1_10' title='bbox 1069 231 1235 278; x_wconf 90' lang='lat' dir='ltr'>omnia</span> <span class='ocrx_word' id='word_1_11' title='bbox 1266 232 1464 279; x_wconf 84' lang='lat' dir='ltr'>futurus</span> <span class='ocrx_word' id='word_1_12' title='bbox 1499 234 1680 293; x_wconf 87' lang='lat' dir='ltr'>orator,</span> <span class='ocrx_word' id='word_1_13' title='bbox 1721 233 1798 281; x_wconf 90' lang='grc'><strong>6111</strong></span> <span class='ocrx_word' id='word_1_14' title='bbox 1826 236 1888 280; x_wconf 84' lang='grc'>18</span> 
     </span>
     <span class='ocr_line' id='line_1_3' title="bbox 105 304 1799 367; baseline -0.001 -13"><span class='ocrx_word' id='word_1_15' title='bbox 105 309 158 355; x_wconf 87' lang='grc'>111</span> <span class='ocrx_word' id='word_1_16' title='bbox 197 307 412 354; x_wconf 83' lang='lat' dir='ltr'>maxima</span> <span class='ocrx_word' id='word_1_17' title='bbox 449 304 736 352; x_wconf 73' lang='lat' dir='ltr'>celebritate</span> <span class='ocrx_word' id='word_1_18' title='bbox 769 306 818 352; x_wconf 91' lang='lat' dir='ltr'>et</span> <span class='ocrx_word' id='word_1_19' title='bbox 847 306 902 351; x_wconf 90' lang='lat' dir='ltr'>in</span> <span class='ocrx_word' id='word_1_20' title='bbox 933 305 1098 352; x_wconf 89' lang='lat' dir='ltr'>media</span> <span class='ocrx_word' id='word_1_21' title='bbox 1127 305 1201 352; x_wconf 91' lang='lat' dir='ltr'>rei</span> <span class='ocrx_word' id='word_1_22' title='bbox 1232 305 1460 367; x_wconf 89' lang='lat' dir='ltr'>publicae</span> <span class='ocrx_word' id='word_1_23' title='bbox 1491 306 1598 353; x_wconf 92' lang='lat' dir='ltr'>luce</span> <span class='ocrx_word' id='word_1_24' title='bbox 1631 307 1799 354; x_wconf 85' lang='lat' dir='ltr'>viven-</span> 
     </span>
     <span class='ocr_line' id='line_1_4' title="bbox 107 378 1801 440; baseline 0 -12"><span class='ocrx_word' id='word_1_25' title='bbox 107 382 224 428; x_wconf 89' lang='lat' dir='ltr'>dum</span> <span class='ocrx_word' id='word_1_26' title='bbox 263 380 349 440; x_wconf 90' lang='lat' dir='ltr'>est,</span> <span class='ocrx_word' id='word_1_27' title='bbox 389 378 649 426; x_wconf 76' lang='lat' dir='ltr'>adsuescat</span> <span class='ocrx_word' id='word_1_28' title='bbox 686 380 788 425; x_wconf 88' lang='lat' dir='ltr'>iam</span> <span class='ocrx_word' id='word_1_29' title='bbox 827 394 856 425; x_wconf 93' lang='lat' dir='ltr'>a</span> <span class='ocrx_word' id='word_1_30' title='bbox 894 381 1064 426; x_wconf 88' lang='lat' dir='ltr'>tenero</span> <span class='ocrx_word' id='word_1_31' title='bbox 1096 394 1195 426; x_wconf 92' lang='lat' dir='ltr'>non</span> <span class='ocrx_word' id='word_1_32' title='bbox 1225 380 1546 427; x_wconf 81' lang='lat' dir='ltr'>reformidare</span> <span class='ocrx_word' id='word_1_33' title='bbox 1579 380 1801 429; x_wconf 90' lang='lat' dir='ltr'>homines</span> 
     </span>
     <span class='ocr_line' id='line_1_5' title="bbox 106 452 1800 516; baseline 0.001 -15"><span class='ocrx_word' id='word_1_34' title='bbox 106 470 263 516; x_wconf 91' lang='lat' dir='ltr'>neque</span> <span class='ocrx_word' id='word_1_35' title='bbox 315 453 406 500; x_wconf 89' lang='lat' dir='ltr'>illa</span> <span class='ocrx_word' id='word_1_36' title='bbox 460 452 684 500; x_wconf 86' lang='lat' dir='ltr'>solitaria</span> <span class='ocrx_word' id='word_1_37' title='bbox 739 455 788 499; x_wconf 93' lang='lat' dir='ltr'>et</span> <span class='ocrx_word' id='word_1_38' title='bbox 841 453 978 500; x_wconf 83' lang='lat' dir='ltr'>velut</span> <span class='ocrx_word' id='word_1_39' title='bbox 1032 453 1309 501; x_wconf 90' lang='lat' dir='ltr'>umbratica</span> <span class='ocrx_word' id='word_1_40' title='bbox 1362 455 1470 501; x_wconf 75' lang='lat' dir='ltr'>vita</span> <span class='ocrx_word' id='word_1_41' title='bbox 1519 454 1800 516; x_wconf 87' lang='lat' dir='ltr'>pallescere.</span> 
     </span>
    </p>

    <p class='ocr_par' dir='ltr' id='par_1_3' title="bbox 63 526 1889 886">
     <span class='ocr_line' id='line_1_6' title="bbox 63 526 1800 589; baseline -0.001 -11"><span class='ocrx_word' id='word_1_42' title='bbox 63 546 83 578; x_wconf 82' lang='lat'><strong>5</strong></span> <span class='ocrx_word' id='word_1_43' title='bbox 108 527 366 577; x_wconf 86' lang='lat' dir='ltr'>excitanda</span> <span class='ocrx_word' id='word_1_44' title='bbox 415 542 553 574; x_wconf 90' lang='lat' dir='ltr'>mens</span> <span class='ocrx_word' id='word_1_45' title='bbox 605 530 654 573; x_wconf 92' lang='lat' dir='ltr'>et</span> <span class='ocrx_word' id='word_1_46' title='bbox 706 526 980 574; x_wconf 89' lang='lat' dir='ltr'>attollenda</span> <span class='ocrx_word' id='word_1_47' title='bbox 1032 543 1226 588; x_wconf 88' lang='lat' dir='ltr'>semper</span> <span class='ocrx_word' id='word_1_48' title='bbox 1276 529 1364 588; x_wconf 91' lang='lat' dir='ltr'>est,</span> <span class='ocrx_word' id='word_1_49' title='bbox 1417 544 1543 589; x_wconf 88' lang='lat' dir='ltr'>quae</span> <span class='ocrx_word' id='word_1_50' title='bbox 1594 529 1645 575; x_wconf 92' lang='lat' dir='ltr'>in</span> <span class='ocrx_word' id='word_1_51' title='bbox 1698 529 1800 578; x_wconf 89' lang='lat' dir='ltr'>eius</span> 
     </span>
     <span class='ocr_line' id='line_1_7' title="bbox 104 601 1800 664; baseline 0.002 -15"><span class='ocrx_word' id='word_1_52' title='bbox 104 602 240 649; x_wconf 89' lang='lat' dir='ltr'>modi</span> <span class='ocrx_word' id='word_1_53' title='bbox 286 601 484 648; x_wconf 91' lang='lat' dir='ltr'>secretis</span> <span class='ocrx_word' id='word_1_54' title='bbox 532 604 620 647; x_wconf 92' lang='lat' dir='ltr'>aut</span> <span class='ocrx_word' id='word_1_55' title='bbox 664 601 942 663; x_wconf 82' lang='lat' dir='ltr'>languescit</span> <span class='ocrx_word' id='word_1_56' title='bbox 989 603 1038 649; x_wconf 89' lang='lat' dir='ltr'>et</span> <span class='ocrx_word' id='word_1_57' title='bbox 1084 601 1331 662; x_wconf 81' lang='lat' dir='ltr'>quendam</span> <span class='ocrx_word' id='word_1_58' title='bbox 1378 602 1516 649; x_wconf 87' lang='lat' dir='ltr'>velut</span> <span class='ocrx_word' id='word_1_59' title='bbox 1553 603 1605 648; x_wconf 89' lang='grc'>111</span> <span class='ocrx_word' id='word_1_60' title='bbox 1647 619 1800 664; x_wconf 90' lang='lat' dir='ltr'>opaco</span> 
     </span>
     <span class='ocr_line' id='line_1_8' title="bbox 105 675 1801 737; baseline 0.002 -14"><span class='ocrx_word' id='word_1_61' title='bbox 105 677 257 723; x_wconf 90' lang='lat' dir='ltr'>situm</span> <span class='ocrx_word' id='word_1_62' title='bbox 288 675 438 734; x_wconf 88' lang='lat' dir='ltr'>ducit,</span> <span class='ocrx_word' id='word_1_63' title='bbox 479 677 569 722; x_wconf 88' lang='lat' dir='ltr'>aut</span> <span class='ocrx_word' id='word_1_64' title='bbox 601 682 773 722; x_wconf 87' lang='lat' dir='ltr'>contra</span> <span class='ocrx_word' id='word_1_65' title='bbox 804 675 1038 722; x_wconf 89' lang='lat' dir='ltr'>tumescit</span> <span class='ocrx_word' id='word_1_66' title='bbox 1063 676 1203 722; x_wconf 89' lang='lat' dir='ltr'>inani</span> <span class='ocrx_word' id='word_1_67' title='bbox 1226 676 1567 737; x_wconf 88' lang='lat' dir='ltr'>persuasione:</span> <span class='ocrx_word' id='word_1_68' title='bbox 1607 693 1801 726; x_wconf 88' lang='lat' dir='ltr'>necesse</span> 
     </span>
     <span class='ocr_line' id='line_1_9' title="bbox 105 749 1799 812; baseline 0.001 -14"><span class='ocrx_word' id='word_1_69' title='bbox 105 752 180 799; x_wconf 90' lang='lat' dir='ltr'>est</span> <span class='ocrx_word' id='word_1_70' title='bbox 233 751 365 797; x_wconf 88' lang='lat' dir='ltr'>enim</span> <span class='ocrx_word' id='word_1_71' title='bbox 417 750 627 796; x_wconf 84' lang='lat' dir='ltr'>nimium</span> <span class='ocrx_word' id='word_1_72' title='bbox 680 749 872 796; x_wconf 89' lang='lat' dir='ltr'>tribuat</span> <span class='ocrx_word' id='word_1_73' title='bbox 918 749 1028 810; x_wconf 88' lang='lat' dir='ltr'>sibi,</span> <span class='ocrx_word' id='word_1_74' title='bbox 1085 749 1171 810; x_wconf 91' lang='lat' dir='ltr'>qui</span> <span class='ocrx_word' id='word_1_75' title='bbox 1218 764 1267 797; x_wconf 91' lang='lat' dir='ltr'>se</span> <span class='ocrx_word' id='word_1_76' title='bbox 1315 751 1502 796; x_wconf 89' lang='lat' dir='ltr'>nemini</span> <span class='ocrx_word' id='word_1_77' title='bbox 1549 755 1799 812; x_wconf 86' lang='lat' dir='ltr'>conparat.</span> 
     </span>
     <span class='ocr_line' id='line_1_10' title="bbox 104 822 1889 886; baseline 0.001 -15"><span class='ocrx_word' id='word_1_78' title='bbox 104 823 278 871; x_wconf 92' lang='lat' dir='ltr'>deinde</span> <span class='ocrx_word' id='word_1_79' title='bbox 334 839 445 871; x_wconf 88' lang='lat' dir='ltr'>curn</span> <span class='ocrx_word' id='word_1_80' title='bbox 498 822 792 884; x_wconf 90' lang='lat' dir='ltr'>proferenda</span> <span class='ocrx_word' id='word_1_81' title='bbox 845 826 961 870; x_wconf 90' lang='lat' dir='ltr'>sunt</span> <span class='ocrx_word' id='word_1_82' title='bbox 1016 823 1196 884; x_wconf 90' lang='lat' dir='ltr'>studia,</span> <span class='ocrx_word' id='word_1_83' title='bbox 1251 824 1438 886; x_wconf 82' lang='lat' dir='ltr'>caligat</span> <span class='ocrx_word' id='word_1_84' title='bbox 1490 825 1544 871; x_wconf 88' lang='lat' dir='ltr'>in</span> <span class='ocrx_word' id='word_1_85' title='bbox 1599 825 1700 873; x_wconf 92' lang='lat' dir='ltr'>sole</span> <span class='ocrx_word' id='word_1_86' title='bbox 1753 829 1802 874; x_wconf 93' lang='lat' dir='ltr'>et</span> <span class='ocrx_word' id='word_1_87' title='bbox 1828 829 1889 872; x_wconf 82' lang='grc'>19</span> 
     </span>
    </p>

    <p class='ocr_par' dir='ltr' id='par_1_4' title="bbox 37 897 1890 1257">
     <span class='ocr_line' id='line_1_11' title="bbox 37 897 1803 960; baseline 0 -13"><span class='ocrx_word' id='word_1_88' title='bbox 37 916 80 947; x_wconf 84' lang='grc'>10</span> <span class='ocrx_word' id='word_1_89' title='bbox 105 898 271 946; x_wconf 87' lang='grc'><strong>01111116</strong></span> <span class='ocrx_word' id='word_1_90' title='bbox 319 914 449 946; x_wconf 86' lang='lat' dir='ltr'>nova</span> <span class='ocrx_word' id='word_1_91' title='bbox 501 897 718 957; x_wconf 87' lang='lat' dir='ltr'>offendit,</span> <span class='ocrx_word' id='word_1_92' title='bbox 773 899 830 944; x_wconf 91' lang='lat' dir='ltr'>ut</span> <span class='ocrx_word' id='word_1_93' title='bbox 885 899 974 958; x_wconf 82' lang='lat' dir='ltr'>qui</span> <span class='ocrx_word' id='word_1_94' title='bbox 1024 898 1156 945; x_wconf 89' lang='lat' dir='ltr'>solus</span> <span class='ocrx_word' id='word_1_95' title='bbox 1209 897 1439 946; x_wconf 82' lang='lat' dir='ltr'>didicerit</span> <span class='ocrx_word' id='word_1_96' title='bbox 1490 899 1621 960; x_wconf 89' lang='lat' dir='ltr'>quod</span> <span class='ocrx_word' id='word_1_97' title='bbox 1672 901 1803 948; x_wconf 91' lang='lat' dir='ltr'>inter</span> 
     </span>
     <span class='ocr_line' id='line_1_12' title="bbox 103 971 1890 1034; baseline 0.001 -15"><span class='ocrx_word' id='word_1_98' title='bbox 103 973 287 1020; x_wconf 90' lang='lat' dir='ltr'>multos</span> <span class='ocrx_word' id='word_1_99' title='bbox 319 971 600 1019; x_wconf 87' lang='lat' dir='ltr'>faciendum</span> <span class='ocrx_word' id='word_1_100' title='bbox 633 975 719 1019; x_wconf 88' lang='lat' dir='ltr'>est.</span> <span class='ocrx_word' id='word_1_101' title='bbox 768 971 914 1019; x_wconf 88' lang='lat' dir='ltr'>mitto</span> <span class='ocrx_word' id='word_1_102' title='bbox 949 973 1211 1032; x_wconf 75' lang='lat' dir='ltr'>amicitias,</span> <span class='ocrx_word' id='word_1_103' title='bbox 1246 989 1370 1034; x_wconf 91' lang='lat' dir='ltr'>quae</span> <span class='ocrx_word' id='word_1_104' title='bbox 1405 973 1467 1020; x_wconf 91' lang='lat' dir='ltr'>ad</span> <span class='ocrx_word' id='word_1_105' title='bbox 1499 977 1800 1022; x_wconf 88' lang='lat' dir='ltr'>senectutem</span> <span class='ocrx_word' id='word_1_106' title='bbox 1828 976 1890 1020; x_wconf 86' lang='grc'>20</span> 
     </span>
     <span class='ocr_line' id='line_1_13' title="bbox 102 1046 1799 1110; baseline 0.001 -16"><span class='ocrx_word' id='word_1_107' title='bbox 102 1061 259 1108; x_wconf 90' lang='lat' dir='ltr'>usque</span> <span class='ocrx_word' id='word_1_108' title='bbox 314 1046 591 1094; x_wconf 89' lang='lat' dir='ltr'>firmissime</span> <span class='ocrx_word' id='word_1_109' title='bbox 647 1046 829 1093; x_wconf 88' lang='lat' dir='ltr'>durant</span> <span class='ocrx_word' id='word_1_110' title='bbox 882 1047 1115 1110; x_wconf 88' lang='lat' dir='ltr'>religiosa</span> <span class='ocrx_word' id='word_1_111' title='bbox 1172 1047 1389 1108; x_wconf 89' lang='lat' dir='ltr'>quadam</span> <span class='ocrx_word' id='word_1_112' title='bbox 1440 1049 1799 1095; x_wconf 79' lang='lat' dir='ltr'>necessitudine</span> 
     </span>
     <span class='ocr_line' id='line_1_14' title="bbox 103 1120 1800 1184; baseline 0.002 -17"><span class='ocrx_word' id='word_1_113' title='bbox 103 1120 348 1168; x_wconf 86' lang='lat' dir='ltr'>imbutae:</span> <span class='ocrx_word' id='word_1_114' title='bbox 418 1135 576 1180; x_wconf 89' lang='lat' dir='ltr'>neque</span> <span class='ocrx_word' id='word_1_115' title='bbox 632 1121 762 1167; x_wconf 90' lang='lat' dir='ltr'>enim</span> <span class='ocrx_word' id='word_1_116' title='bbox 818 1122 893 1167; x_wconf 90' lang='lat' dir='ltr'>est</span> <span class='ocrx_word' id='word_1_117' title='bbox 946 1122 1164 1169; x_wconf 89' lang='lat' dir='ltr'>sanctius</span> <span class='ocrx_word' id='word_1_118' title='bbox 1221 1122 1370 1168; x_wconf 87' lang='lat' dir='ltr'>sacris</span> <span class='ocrx_word' id='word_1_119' title='bbox 1433 1121 1588 1169; x_wconf 91' lang='lat' dir='ltr'>isdem</span> <span class='ocrx_word' id='word_1_120' title='bbox 1651 1139 1800 1184; x_wconf 89' lang='lat' dir='ltr'>quam</span> 
     </span>
     <span class='ocr_line' id='line_1_15' title="bbox 104 1195 1800 1257; baseline 0.001 -15"><span class='ocrx_word' id='word_1_121' title='bbox 104 1195 282 1243; x_wconf 88' lang='lat' dir='ltr'>studiis</span> <span class='ocrx_word' id='word_1_122' title='bbox 323 1195 527 1242; x_wconf 87' lang='lat' dir='ltr'>initiari.</span> <span class='ocrx_word' id='word_1_123' title='bbox 583 1209 780 1242; x_wconf 90' lang='lat' dir='ltr'>sensum</span> <span class='ocrx_word' id='word_1_124' title='bbox 819 1196 996 1255; x_wconf 88' lang='lat' dir='ltr'>ipsum,</span> <span class='ocrx_word' id='word_1_125' title='bbox 1038 1197 1124 1257; x_wconf 91' lang='lat' dir='ltr'>qui</span> <span class='ocrx_word' id='word_1_126' title='bbox 1165 1196 1437 1242; x_wconf 89' lang='lat' dir='ltr'>communis</span> <span class='ocrx_word' id='word_1_127' title='bbox 1479 1196 1674 1257; x_wconf 85' lang='lat' dir='ltr'>dicitur,</span> <span class='ocrx_word' id='word_1_128' title='bbox 1713 1197 1800 1244; x_wconf 91' lang='lat' dir='ltr'>ubi</span> 
     </span>
    </p>

    <p class='ocr_par' dir='ltr' id='par_1_5' title="bbox 37 1269 1884 1630">
     <span class='ocr_line' id='line_1_16' title="bbox 37 1269 1799 1332; baseline 0 -15"><span class='ocrx_word' id='word_1_129' title='bbox 37 1287 78 1318; x_wconf 87' lang='lat'>15</span> <span class='ocrx_word' id='word_1_130' title='bbox 103 1269 273 1329; x_wconf 82' lang='lat' dir='ltr'>discet,</span> <span class='ocrx_word' id='word_1_131' title='bbox 314 1285 425 1316; x_wconf 92' lang='lat' dir='ltr'>cum</span> <span class='ocrx_word' id='word_1_132' title='bbox 464 1284 513 1315; x_wconf 89' lang='lat' dir='ltr'>se</span> <span class='ocrx_word' id='word_1_133' title='bbox 555 1284 584 1315; x_wconf 91' lang='lat' dir='ltr'>a</span> <span class='ocrx_word' id='word_1_134' title='bbox 616 1284 896 1332; x_wconf 85' lang='lat' dir='ltr'>congressu,</span> <span class='ocrx_word' id='word_1_135' title='bbox 939 1271 1025 1330; x_wconf 90' lang='lat' dir='ltr'>qui</span> <span class='ocrx_word' id='word_1_136' title='bbox 1056 1285 1154 1316; x_wconf 91' lang='lat' dir='ltr'>non</span> <span class='ocrx_word' id='word_1_137' title='bbox 1187 1269 1468 1317; x_wconf 89' lang='lat' dir='ltr'>hominibus</span> <span class='ocrx_word' id='word_1_138' title='bbox 1503 1270 1676 1331; x_wconf 91' lang='lat' dir='ltr'>solum,</span> <span class='ocrx_word' id='word_1_139' title='bbox 1717 1271 1799 1319; x_wconf 90' lang='lat' dir='ltr'>sed</span> 
     </span>
     <span class='ocr_line' id='line_1_17' title="bbox 102 1343 1884 1408; baseline 0.001 -18"><span class='ocrx_word' id='word_1_140' title='bbox 102 1343 253 1390; x_wconf 88' lang='lat' dir='ltr'>mutis</span> <span class='ocrx_word' id='word_1_141' title='bbox 303 1359 496 1404; x_wconf 90' lang='lat' dir='ltr'>quoque</span> <span class='ocrx_word' id='word_1_142' title='bbox 546 1343 842 1390; x_wconf 86' lang='lat' dir='ltr'>animalibus</span> <span class='ocrx_word' id='word_1_143' title='bbox 882 1344 1126 1391; x_wconf 88' lang='lat' dir='ltr'>naturalis</span> <span class='ocrx_word' id='word_1_144' title='bbox 1168 1346 1255 1404; x_wconf 90' lang='lat' dir='ltr'>est,</span> <span class='ocrx_word' id='word_1_145' title='bbox 1304 1343 1611 1408; x_wconf 70' lang='lat' dir='ltr'>segregarit?</span> <span class='ocrx_word' id='word_1_146' title='bbox 1676 1345 1799 1393; x_wconf 88' lang='lat' dir='ltr'>adde</span> <span class='ocrx_word' id='word_1_147' title='bbox 1827 1347 1884 1392; x_wconf 91' lang='grc'>21</span> 
     </span>
     <span class='ocr_line' id='line_1_18' title="bbox 103 1417 1798 1481; baseline 0.001 -17"><span class='ocrx_word' id='word_1_148' title='bbox 103 1417 234 1480; x_wconf 90' lang='lat' dir='ltr'>quod</span> <span class='ocrx_word' id='word_1_149' title='bbox 274 1417 407 1465; x_wconf 91' lang='lat' dir='ltr'>domi</span> <span class='ocrx_word' id='word_1_150' title='bbox 448 1433 506 1464; x_wconf 91' lang='lat' dir='ltr'>ea</span> <span class='ocrx_word' id='word_1_151' title='bbox 546 1418 650 1465; x_wconf 90' lang='lat' dir='ltr'>sola</span> <span class='ocrx_word' id='word_1_152' title='bbox 691 1418 875 1465; x_wconf 85' lang='lat' dir='ltr'>discere</span> <span class='ocrx_word' id='word_1_153' title='bbox 908 1420 1087 1479; x_wconf 84' lang='lat' dir='ltr'>potest,</span> <span class='ocrx_word' id='word_1_154' title='bbox 1130 1434 1255 1479; x_wconf 87' lang='lat' dir='ltr'>quae</span> <span class='ocrx_word' id='word_1_155' title='bbox 1289 1418 1383 1481; x_wconf 90' lang='lat' dir='ltr'>ipsi</span> <span class='ocrx_word' id='word_1_156' title='bbox 1415 1420 1798 1480; x_wconf 83' lang='lat' dir='ltr'>praecipientur,</span> 
     </span>
     <span class='ocr_line' id='line_1_19' title="bbox 101 1491 1799 1555; baseline 0.002 -17"><span class='ocrx_word' id='word_1_157' title='bbox 101 1493 154 1538; x_wconf 92' lang='lat' dir='ltr'>in</span> <span class='ocrx_word' id='word_1_158' title='bbox 195 1492 361 1553; x_wconf 89' lang='lat' dir='ltr'>schola</span> <span class='ocrx_word' id='word_1_159' title='bbox 402 1491 554 1539; x_wconf 89' lang='lat' dir='ltr'>etiam</span> <span class='ocrx_word' id='word_1_160' title='bbox 593 1507 717 1554; x_wconf 88' lang='lat' dir='ltr'>quae</span> <span class='ocrx_word' id='word_1_161' title='bbox 760 1493 884 1539; x_wconf 84' lang='grc'><strong>61115.</strong></span> <span class='ocrx_word' id='word_1_162' title='bbox 957 1492 1123 1540; x_wconf 82' lang='lat' dir='ltr'>audiet</span> <span class='ocrx_word' id='word_1_163' title='bbox 1163 1493 1323 1540; x_wconf 91' lang='lat' dir='ltr'>multa</span> <span class='ocrx_word' id='word_1_164' title='bbox 1363 1493 1544 1541; x_wconf 85' lang='lat' dir='ltr'>cotidie</span> <span class='ocrx_word' id='word_1_165' title='bbox 1583 1494 1799 1555; x_wconf 89' lang='lat' dir='ltr'>probari,</span> 
     </span>
     <span class='ocr_line' id='line_1_20' title="bbox 102 1566 1799 1630; baseline 0.002 -18"><span class='ocrx_word' id='word_1_166' title='bbox 102 1566 262 1613; x_wconf 90' lang='lat' dir='ltr'>multa</span> <span class='ocrx_word' id='word_1_167' title='bbox 303 1566 497 1628; x_wconf 83' lang='lat' dir='ltr'>corrigi,</span> <span class='ocrx_word' id='word_1_168' title='bbox 538 1566 758 1628; x_wconf 85' lang='lat' dir='ltr'>proderit</span> <span class='ocrx_word' id='word_1_169' title='bbox 798 1567 1010 1614; x_wconf 86' lang='lat' dir='ltr'>alicuius</span> <span class='ocrx_word' id='word_1_170' title='bbox 1043 1567 1306 1630; x_wconf 79' lang='lat' dir='ltr'>obiurgata</span> <span class='ocrx_word' id='word_1_171' title='bbox 1338 1567 1538 1628; x_wconf 88' lang='lat' dir='ltr'>desidia,</span> <span class='ocrx_word' id='word_1_172' title='bbox 1578 1569 1799 1629; x_wconf 88' lang='lat' dir='ltr'>proderit</span> 
     </span>
    </p>

    <p class='ocr_par' dir='ltr' id='par_1_6' title="bbox 35 1640 1885 2000">
     <span class='ocr_line' id='line_1_21' title="bbox 35 1640 1884 1703; baseline 0 -13"><span class='ocrx_word' id='word_1_173' title='bbox 35 1658 78 1690; x_wconf 77' lang='lat'>80</span> <span class='ocrx_word' id='word_1_174' title='bbox 101 1640 306 1687; x_wconf 88' lang='lat' dir='ltr'>laudata</span> <span class='ocrx_word' id='word_1_175' title='bbox 339 1640 598 1700; x_wconf 88' lang='lat' dir='ltr'>industria,</span> <span class='ocrx_word' id='word_1_176' title='bbox 640 1640 936 1688; x_wconf 82' lang='lat' dir='ltr'>excitabitur</span> <span class='ocrx_word' id='word_1_177' title='bbox 967 1641 1112 1688; x_wconf 89' lang='lat' dir='ltr'>laude</span> <span class='ocrx_word' id='word_1_178' title='bbox 1148 1642 1431 1701; x_wconf 86' lang='lat' dir='ltr'>aemulatio,</span> <span class='ocrx_word' id='word_1_179' title='bbox 1471 1644 1618 1703; x_wconf 88' lang='lat' dir='ltr'>turpe</span> <span class='ocrx_word' id='word_1_180' title='bbox 1652 1643 1799 1690; x_wconf 87' lang='lat' dir='ltr'>ducet</span> <span class='ocrx_word' id='word_1_181' title='bbox 1824 1645 1884 1689; x_wconf 89' lang='grc'>22</span> 
     </span>
     <span class='ocr_line' id='line_1_22' title="bbox 103 1714 1798 1776; baseline 0.002 -15"><span class='ocrx_word' id='word_1_182' title='bbox 103 1714 270 1762; x_wconf 91' lang='lat' dir='ltr'>cedere</span> <span class='ocrx_word' id='word_1_183' title='bbox 302 1716 427 1775; x_wconf 88' lang='lat' dir='ltr'>pari,</span> <span class='ocrx_word' id='word_1_184' title='bbox 466 1714 728 1775; x_wconf 87' lang='lat' dir='ltr'>pulchrum</span> <span class='ocrx_word' id='word_1_185' title='bbox 760 1730 1013 1776; x_wconf 87' lang='lat' dir='ltr'>superasse</span> <span class='ocrx_word' id='word_1_186' title='bbox 1047 1717 1272 1763; x_wconf 91' lang='lat' dir='ltr'>maiores.</span> <span class='ocrx_word' id='word_1_187' title='bbox 1327 1716 1601 1763; x_wconf 87' lang='lat' dir='ltr'>accendunt</span> <span class='ocrx_word' id='word_1_188' title='bbox 1634 1718 1798 1764; x_wconf 87' lang='lat' dir='ltr'>omnia</span> 
     </span>
     <span class='ocr_line' id='line_1_23' title="bbox 101 1788 1799 1852; baseline 0.002 -17"><span class='ocrx_word' id='word_1_189' title='bbox 101 1788 222 1835; x_wconf 89' lang='lat' dir='ltr'>haec</span> <span class='ocrx_word' id='word_1_190' title='bbox 270 1789 474 1848; x_wconf 88' lang='lat' dir='ltr'>animos,</span> <span class='ocrx_word' id='word_1_191' title='bbox 522 1791 571 1836; x_wconf 92' lang='lat' dir='ltr'>et</span> <span class='ocrx_word' id='word_1_192' title='bbox 618 1789 734 1836; x_wconf 87' lang='lat' dir='ltr'>licet</span> <span class='ocrx_word' id='word_1_193' title='bbox 771 1791 882 1850; x_wconf 92' lang='lat' dir='ltr'>ipsa</span> <span class='ocrx_word' id='word_1_194' title='bbox 923 1789 1101 1836; x_wconf 78' lang='lat' dir='ltr'>vitium</span> <span class='ocrx_word' id='word_1_195' title='bbox 1141 1791 1206 1838; x_wconf 86' lang='lat' dir='ltr'>sit</span> <span class='ocrx_word' id='word_1_196' title='bbox 1247 1791 1467 1850; x_wconf 84' lang='lat' dir='ltr'>ambitio,</span> <span class='ocrx_word' id='word_1_197' title='bbox 1517 1791 1799 1852; x_wconf 86' lang='lat' dir='ltr'>frequenter</span> 
     </span>
     <span class='ocr_line' id='line_1_24' title="bbox 100 1863 1885 1913; baseline 0.001 -3"><span class='ocrx_word' id='word_1_198' title='bbox 100 1865 269 1910; x_wconf 89' lang='lat' dir='ltr'>tamen</span> <span class='ocrx_word' id='word_1_199' title='bbox 320 1878 467 1911; x_wconf 90' lang='lat' dir='ltr'>causa</span> <span class='ocrx_word' id='word_1_200' title='bbox 518 1863 760 1910; x_wconf 86' lang='lat' dir='ltr'>virtutum</span> <span class='ocrx_word' id='word_1_201' title='bbox 812 1866 899 1910; x_wconf 88' lang='lat' dir='ltr'>est.</span> <span class='ocrx_word' id='word_1_202' title='bbox 970 1880 1069 1911; x_wconf 89' lang='lat' dir='ltr'>non</span> <span class='ocrx_word' id='word_1_203' title='bbox 1119 1865 1348 1910; x_wconf 89' lang='lat' dir='ltr'>inutilem</span> <span class='ocrx_word' id='word_1_204' title='bbox 1400 1865 1499 1912; x_wconf 88' lang='lat' dir='ltr'>scio</span> <span class='ocrx_word' id='word_1_205' title='bbox 1548 1868 1798 1913; x_wconf 64' lang='lat' dir='ltr'>servatum</span> <span class='ocrx_word' id='word_1_206' title='bbox 1824 1868 1885 1912; x_wconf 82' lang='grc'>23</span> 
     </span>
     <span class='ocr_line' id='line_1_25' title="bbox 102 1937 1797 2000; baseline 0.002 -16"><span class='ocrx_word' id='word_1_207' title='bbox 102 1951 205 1985; x_wconf 88' lang='grc'><strong>6556</strong></span> <span class='ocrx_word' id='word_1_208' title='bbox 257 1953 285 1984; x_wconf 88' lang='grc'>6</span> <span class='ocrx_word' id='word_1_209' title='bbox 336 1937 738 1998; x_wconf 86' lang='lat' dir='ltr'>praeceptoribus</span> <span class='ocrx_word' id='word_1_210' title='bbox 789 1939 911 1985; x_wconf 91' lang='lat' dir='ltr'>meis</span> <span class='ocrx_word' id='word_1_211' title='bbox 963 1954 1164 1997; x_wconf 89' lang='lat' dir='ltr'>morem,</span> <span class='ocrx_word' id='word_1_212' title='bbox 1221 1939 1305 2000; x_wconf 87' lang='lat' dir='ltr'>qui</span> <span class='ocrx_word' id='word_1_213' title='bbox 1357 1955 1467 1985; x_wconf 90' lang='lat' dir='ltr'>cum</span> <span class='ocrx_word' id='word_1_214' title='bbox 1518 1955 1694 2000; x_wconf 91' lang='lat' dir='ltr'>pueros</span> <span class='ocrx_word' id='word_1_215' title='bbox 1747 1941 1797 1987; x_wconf 86' lang='lat' dir='ltr'>iu</span> 
     </span>
    </p>

    <p class='ocr_par' dir='ltr' id='par_1_7' title="bbox 35 2011 1884 2370">
     <span class='ocr_line' id='line_1_26' title="bbox 35 2011 1797 2072; baseline 0 -10"><span class='ocrx_word' id='word_1_216' title='bbox 35 2029 76 2062; x_wconf 72' lang='lat'>85</span> <span class='ocrx_word' id='word_1_217' title='bbox 102 2011 272 2059; x_wconf 80' lang='lat' dir='ltr'>classis</span> <span class='ocrx_word' id='word_1_218' title='bbox 320 2011 688 2072; x_wconf 78' lang='lat' dir='ltr'>distribuerant,</span> <span class='ocrx_word' id='word_1_219' title='bbox 737 2012 958 2059; x_wconf 89' lang='lat' dir='ltr'>ordinem</span> <span class='ocrx_word' id='word_1_220' title='bbox 1007 2013 1201 2060; x_wconf 86' lang='lat' dir='ltr'>dicendi</span> <span class='ocrx_word' id='word_1_221' title='bbox 1249 2013 1516 2060; x_wconf 88' lang='lat' dir='ltr'>secundum</span> <span class='ocrx_word' id='word_1_222' title='bbox 1556 2015 1684 2061; x_wconf 83' lang='lat' dir='ltr'>vires</span> <span class='ocrx_word' id='word_1_223' title='bbox 1724 2017 1797 2061; x_wconf 92' lang='lat' dir='ltr'>in-</span> 
     </span>
     <span class='ocr_line' id='line_1_27' title="bbox 102 2084 1797 2150; baseline 0.002 -17"><span class='ocrx_word' id='word_1_224' title='bbox 102 2084 233 2147; x_wconf 89' lang='lat' dir='ltr'>genii</span> <span class='ocrx_word' id='word_1_225' title='bbox 284 2085 484 2146; x_wconf 88' lang='lat' dir='ltr'>dabant,</span> <span class='ocrx_word' id='word_1_226' title='bbox 537 2089 585 2133; x_wconf 93' lang='lat' dir='ltr'>et</span> <span class='ocrx_word' id='word_1_227' title='bbox 634 2088 707 2133; x_wconf 91' lang='lat' dir='ltr'>ita</span> <span class='ocrx_word' id='word_1_228' title='bbox 759 2088 1010 2147; x_wconf 88' lang='lat' dir='ltr'>superiore</span> <span class='ocrx_word' id='word_1_229' title='bbox 1061 2087 1169 2134; x_wconf 90' lang='lat' dir='ltr'>loco</span> <span class='ocrx_word' id='word_1_230' title='bbox 1218 2089 1424 2148; x_wconf 88' lang='lat' dir='ltr'>quisque</span> <span class='ocrx_word' id='word_1_231' title='bbox 1473 2087 1797 2150; x_wconf 88' lang='lat' dir='ltr'>declamabat,</span> 
     </span>
     <span class='ocr_line' id='line_1_28' title="bbox 101 2159 1884 2225; baseline 0.003 -19"><span class='ocrx_word' id='word_1_232' title='bbox 101 2162 158 2206; x_wconf 91' lang='lat' dir='ltr'>ut</span> <span class='ocrx_word' id='word_1_233' title='bbox 195 2159 485 2221; x_wconf 86' lang='lat' dir='ltr'>praecedere</span> <span class='ocrx_word' id='word_1_234' title='bbox 523 2161 750 2222; x_wconf 86' lang='lat' dir='ltr'>profectu</span> <span class='ocrx_word' id='word_1_235' title='bbox 789 2161 1072 2209; x_wconf 84' lang='lat' dir='ltr'>videbatur:</span> <span class='ocrx_word' id='word_1_236' title='bbox 1135 2161 1281 2208; x_wconf 88' lang='lat' dir='ltr'>huius</span> <span class='ocrx_word' id='word_1_237' title='bbox 1321 2161 1392 2208; x_wconf 89' lang='lat' dir='ltr'>rei</span> <span class='ocrx_word' id='word_1_238' title='bbox 1430 2162 1617 2209; x_wconf 87' lang='lat' dir='ltr'>iudicia</span> <span class='ocrx_word' id='word_1_239' title='bbox 1656 2179 1795 2225; x_wconf 89' lang='lat' dir='ltr'>prae·</span> <span class='ocrx_word' id='word_1_240' title='bbox 1821 2166 1884 2210; x_wconf 83' lang='lat'>24</span> 
     </span>
     <span class='ocr_line' id='line_1_29' title="bbox 101 2233 1795 2298; baseline 0.002 -18"><span class='ocrx_word' id='word_1_241' title='bbox 101 2233 356 2281; x_wconf 89' lang='lat' dir='ltr'>bebantur.</span> <span class='ocrx_word' id='word_1_242' title='bbox 421 2250 479 2282; x_wconf 91' lang='lat' dir='ltr'>ea</span> <span class='ocrx_word' id='word_1_243' title='bbox 532 2235 674 2282; x_wconf 91' lang='lat' dir='ltr'>nobis</span> <span class='ocrx_word' id='word_1_244' title='bbox 728 2236 902 2298; x_wconf 90' lang='lat' dir='ltr'>ingens</span> <span class='ocrx_word' id='word_1_245' title='bbox 957 2236 1139 2297; x_wconf 89' lang='lat' dir='ltr'>palma,</span> <span class='ocrx_word' id='word_1_246' title='bbox 1195 2236 1369 2283; x_wconf 86' lang='lat' dir='ltr'>ducere</span> <span class='ocrx_word' id='word_1_247' title='bbox 1422 2253 1537 2284; x_wconf 83' lang='lat' dir='ltr'>vero</span> <span class='ocrx_word' id='word_1_248' title='bbox 1590 2237 1795 2285; x_wconf 86' lang='lat' dir='ltr'>classem</span> 
     </span>
     <span class='ocr_line' id='line_1_30' title="bbox 102 2308 1794 2370; baseline 0.002 -15"><span class='ocrx_word' id='word_1_249' title='bbox 102 2308 258 2355; x_wconf 89' lang='lat' dir='ltr'>multo</span> <span class='ocrx_word' id='word_1_250' title='bbox 310 2309 710 2370; x_wconf 90' lang='lat' dir='ltr'>pulcherrimum.</span> <span class='ocrx_word' id='word_1_251' title='bbox 782 2325 870 2356; x_wconf 90' lang='lat' dir='ltr'>nec</span> <span class='ocrx_word' id='word_1_252' title='bbox 921 2310 979 2357; x_wconf 92' lang='lat' dir='ltr'>de</span> <span class='ocrx_word' id='word_1_253' title='bbox 1031 2311 1122 2357; x_wconf 90' lang='lat' dir='ltr'>hoc</span> <span class='ocrx_word' id='word_1_254' title='bbox 1175 2311 1325 2358; x_wconf 88' lang='lat' dir='ltr'>semel</span> <span class='ocrx_word' id='word_1_255' title='bbox 1375 2310 1627 2357; x_wconf 85' lang='lat' dir='ltr'>decretum</span> <span class='ocrx_word' id='word_1_256' title='bbox 1667 2315 1794 2360; x_wconf 89' lang='lat' dir='ltr'>erat:</span> 
     </span>
    </p>

    <p class='ocr_par' dir='ltr' id='par_1_8' title="bbox 35 2382 1881 2744">
     <span class='ocr_line' id='line_1_31' title="bbox 35 2382 1793 2446; baseline 0.003 -18"><span class='ocrx_word' id='word_1_257' title='bbox 35 2402 78 2434; x_wconf 74' lang='lat'>30</span> <span class='ocrx_word' id='word_1_258' title='bbox 101 2382 413 2431; x_wconf 86' lang='lat' dir='ltr'>tricensimus</span> <span class='ocrx_word' id='word_1_259' title='bbox 476 2383 578 2431; x_wconf 89' lang='lat' dir='ltr'>dies</span> <span class='ocrx_word' id='word_1_260' title='bbox 640 2383 878 2431; x_wconf 89' lang='lat' dir='ltr'>reddebat</span> <span class='ocrx_word' id='word_1_261' title='bbox 941 2386 1071 2432; x_wconf 63' lang='lat' dir='ltr'>victo</span> <span class='ocrx_word' id='word_1_262' title='bbox 1135 2385 1417 2432; x_wconf 85' lang='lat' dir='ltr'>certaminis</span> <span class='ocrx_word' id='word_1_263' title='bbox 1481 2387 1793 2446; x_wconf 89' lang='lat' dir='ltr'>potestatem.</span> 
     </span>
     <span class='ocr_line' id='line_1_32' title="bbox 101 2457 1795 2519; baseline 0.004 -17"><span class='ocrx_word' id='word_1_264' title='bbox 101 2457 174 2504; x_wconf 88' lang='lat' dir='ltr'>ita</span> <span class='ocrx_word' id='word_1_265' title='bbox 204 2472 292 2504; x_wconf 91' lang='lat' dir='ltr'>nec</span> <span class='ocrx_word' id='word_1_266' title='bbox 324 2458 548 2518; x_wconf 89' lang='lat' dir='ltr'>superior</span> <span class='ocrx_word' id='word_1_267' title='bbox 579 2473 805 2506; x_wconf 89' lang='lat' dir='ltr'>successu</span> <span class='ocrx_word' id='word_1_268' title='bbox 837 2474 1005 2505; x_wconf 85' lang='lat' dir='ltr'>curam</span> <span class='ocrx_word' id='word_1_269' title='bbox 1035 2458 1337 2519; x_wconf 89' lang='lat' dir='ltr'>remittebat,</span> <span class='ocrx_word' id='word_1_270' title='bbox 1371 2462 1419 2506; x_wconf 92' lang='lat' dir='ltr'>et</span> <span class='ocrx_word' id='word_1_271' title='bbox 1445 2459 1585 2506; x_wconf 92' lang='lat' dir='ltr'>dolor</span> <span class='ocrx_word' id='word_1_272' title='bbox 1608 2462 1795 2508; x_wconf 85' lang='lat' dir='ltr'>victum</span> 
     </span>
     <span class='ocr_line' id='line_1_33' title="bbox 102 2530 1881 2596; baseline 0.003 -19"><span class='ocrx_word' id='word_1_273' title='bbox 102 2530 164 2577; x_wconf 90' lang='lat' dir='ltr'>ad</span> <span class='ocrx_word' id='word_1_274' title='bbox 204 2530 546 2591; x_wconf 90' lang='lat' dir='ltr'>depellendam</span> <span class='ocrx_word' id='word_1_275' title='bbox 584 2532 911 2596; x_wconf 88' lang='lat' dir='ltr'>ignominiam</span> <span class='ocrx_word' id='word_1_276' title='bbox 951 2533 1246 2580; x_wconf 87' lang='lat' dir='ltr'>concitabat.</span> <span class='ocrx_word' id='word_1_277' title='bbox 1309 2533 1361 2579; x_wconf 92' lang='lat' dir='ltr'>id</span> <span class='ocrx_word' id='word_1_278' title='bbox 1399 2532 1540 2580; x_wconf 90' lang='lat' dir='ltr'>nobis</span> <span class='ocrx_word' id='word_1_279' title='bbox 1582 2535 1793 2582; x_wconf 89' lang='lat' dir='ltr'>acriores</span> <span class='ocrx_word' id='word_1_280' title='bbox 1820 2538 1881 2582; x_wconf 78' lang='lat'>25</span> 
     </span>
     <span class='ocr_line' id='line_1_34' title="bbox 103 2604 1793 2668; baseline 0.002 -16"><span class='ocrx_word' id='word_1_281' title='bbox 103 2604 163 2652; x_wconf 90' lang='lat' dir='ltr'>ad</span> <span class='ocrx_word' id='word_1_282' title='bbox 218 2605 384 2653; x_wconf 90' lang='lat' dir='ltr'>studia</span> <span class='ocrx_word' id='word_1_283' title='bbox 437 2605 632 2653; x_wconf 89' lang='lat' dir='ltr'>dicendi</span> <span class='ocrx_word' id='word_1_284' title='bbox 686 2607 816 2654; x_wconf 85' lang='lat' dir='ltr'>faces</span> <span class='ocrx_word' id='word_1_285' title='bbox 869 2607 1144 2655; x_wconf 88' lang='lat' dir='ltr'>subdidisse</span> <span class='ocrx_word' id='word_1_286' title='bbox 1198 2623 1347 2668; x_wconf 88' lang='lat' dir='ltr'>quam</span> <span class='ocrx_word' id='word_1_287' title='bbox 1401 2607 1793 2656; x_wconf 83' lang='lat' dir='ltr'>exhortationem</span> 
     </span>
     <span class='ocr_line' id='line_1_35' title="bbox 101 2678 1794 2744; baseline 0.002 -19"><span class='ocrx_word' id='word_1_288' title='bbox 101 2678 395 2740; x_wconf 88' lang='lat' dir='ltr'>docentium,</span> <span class='ocrx_word' id='word_1_289' title='bbox 427 2680 831 2744; x_wconf 87' lang='lat' dir='ltr'>paedagogorum</span> <span class='ocrx_word' id='word_1_290' title='bbox 854 2681 1144 2741; x_wconf 87' lang='lat' dir='ltr'>custodiam,</span> <span class='ocrx_word' id='word_1_291' title='bbox 1176 2683 1293 2728; x_wconf 85' lang='lat' dir='ltr'>vota</span> <span class='ocrx_word' id='word_1_292' title='bbox 1317 2683 1614 2744; x_wconf 89' lang='lat' dir='ltr'>parentium,</span> <span class='ocrx_word' id='word_1_293' title='bbox 1641 2698 1794 2744; x_wconf 89' lang='lat' dir='ltr'>quan-</span> 
     </span>
    </p>

    <p class='ocr_par' dir='ltr' id='par_1_9' title="bbox 35 2753 1790 2818">
     <span class='ocr_line' id='line_1_36' title="bbox 35 2753 1790 2818; baseline 0.002 -19"><span class='ocrx_word' id='word_1_294' title='bbox 35 2773 77 2806; x_wconf 64' lang='grc'>35</span> <span class='ocrx_word' id='word_1_295' title='bbox 100 2753 208 2800; x_wconf 86' lang='lat' dir='ltr'>turn</span> <span class='ocrx_word' id='word_1_296' title='bbox 248 2754 403 2801; x_wconf 80' lang='lat' dir='ltr'>animi</span> <span class='ocrx_word' id='word_1_297' title='bbox 448 2755 546 2801; x_wconf 91' lang='lat' dir='ltr'>mei</span> <span class='ocrx_word' id='word_1_298' title='bbox 584 2756 867 2802; x_wconf 88' lang='lat' dir='ltr'>coniectura</span> <span class='ocrx_word' id='word_1_299' title='bbox 906 2756 1137 2818; x_wconf 88' lang='lat' dir='ltr'>colligere</span> <span class='ocrx_word' id='word_1_300' title='bbox 1177 2771 1392 2817; x_wconf 90' lang='lat' dir='ltr'>possum,</span> <span class='ocrx_word' id='word_1_301' title='bbox 1441 2756 1790 2804; x_wconf 89' lang='lat' dir='ltr'>contenderim.</span> 
     </span>
    </p>
   </div>
   <div class='ocr_carea' id='block_1_3' title="bbox 190 2909 1736 3030">
    <p class='ocr_par' dir='ltr' id='par_1_10' title="bbox 190 2909 1736 3030">
     <span class='ocr_line' id='line_1_37' title="bbox 220 2909 1736 2969; baseline 0.001 -17"><span class='ocrx_word' id='word_1_302' title='bbox 220 2914 246 2952; x_wconf 87' lang='lat'>4</span> <span class='ocrx_word' id='word_1_303' title='bbox 276 2909 521 2954; x_wconf 81' lang='lat' dir='ltr'>umbratili</span> <span class='ocrx_word' id='word_1_304' title='bbox 545 2918 633 2953; x_wconf 83' lang='lat' dir='ltr'>BP</span> <span class='ocrx_word' id='word_1_305' title='bbox 763 2917 787 2954; x_wconf 89' lang='lat'>5</span> <span class='ocrx_word' id='word_1_306' title='bbox 821 2911 920 2955; x_wconf 87' lang='lat' dir='ltr'>eius</span> <span class='ocrx_word' id='word_1_307' title='bbox 953 2920 1035 2967; x_wconf 75' lang='lat' dir='ltr'>Ab,</span> <span class='ocrx_word' id='word_1_308' title='bbox 1076 2912 1146 2957; x_wconf 81' lang='lat' dir='ltr'>Vt.</span> <span class='ocrx_word' id='word_1_309' title='bbox 1171 2927 1219 2969; x_wconf 75' lang='lat' dir='ltr'>p,</span> <span class='ocrx_word' id='word_1_310' title='bbox 1247 2917 1348 2967; x_wconf 80' lang='lat'>445,</span> <span class='ocrx_word' id='word_1_311' title='bbox 1367 2917 1443 2955; x_wconf 83' lang='lat'>25:</span> <span class='ocrx_word' id='word_1_312' title='bbox 1476 2912 1615 2955; x_wconf 88' lang='lat' dir='ltr'>huius</span> <span class='ocrx_word' id='word_1_313' title='bbox 1649 2920 1736 2954; x_wconf 82' lang='lat' dir='ltr'>BP</span> 
     </span>
     <span class='ocr_line' id='line_1_38' title="bbox 190 2990 1522 3030; baseline 0.003 -6"><span class='ocrx_word' id='word_1_314' title='bbox 190 2990 485 3030; x_wconf 68' lang='lat' dir='ltr'>varmusvs</span> <span class='ocrx_word' id='word_1_315' title='bbox 511 2993 567 3025; x_wconf 83' lang='lat' dir='ltr'>ed.</span> <span class='ocrx_word' id='word_1_316' title='bbox 593 2993 958 3026; x_wconf 76' lang='lat' dir='ltr'>Radermacher.</span> <span class='ocrx_word' id='word_1_317' title='bbox 992 2995 1020 3025; x_wconf 95' lang='lat' dir='ltr'>I.</span> <span class='ocrx_word' id='word_1_318' title='bbox 1497 2991 1522 3028; x_wconf 79' lang='lat'><strong>2</strong></span> 
     </span>
    </p>
   </div>
   <div class='ocr_carea' id='block_1_4' title="bbox 254 2855 454 2860">
    <p class='ocr_par' dir='ltr' id='par_1_11' title="bbox 254 2855 454 2860">
     <span class='ocr_line' id='line_1_39' title="bbox 254 2855 454 2860; baseline 0 0"><span class='ocrx_word' id='word_1_319' title='bbox 254 2855 454 2860; x_wconf 95' lang='lat' dir='ltr'> </span> 
     </span>
    </p>
   </div>
  </div>
 </body>
</html>
