2055 3130
785 56 860 100 ΙΠ.
897 62 964 110 11,
1001 61 1186 100 19—28.
1732 58 1834 110 183

151 212 351 245 causam
403 199 615 245 materia
670 201 757 257 est,
822 198 940 257 quia
992 198 1046 242 in
1096 198 1430 244 controversia
1491 212 1651 257 pauca
1702 200 1832 256 sunt,

155 275 293 319 extra
333 273 513 331 omnia,
554 274 603 317 et
642 272 721 317 hic
761 270 943 317 dicitur
983 270 1042 317 de
1066 271 1141 329 115,
1190 286 1315 331 quae
1363 272 1665 332 accepimus,
1713 271 1832 330 illic,

151 345 209 392 de
250 345 426 407 quibus
466 345 705 392 volumus.
768 360 857 391 nec
895 346 996 390 tam
1047 344 1139 391 hoc
1188 345 1591 405 praecipiendum
1639 347 1725 403 est⁷
1776 347 1833 391 ut
1858 345 1920 388 26

151 420 504 480 quaestionem,
546 420 815 477 continens,
861 418 1216 465 iudicationem
1254 420 1562 465 inveniamus
1605 412 1743 472 (nam
1783 418 1835 464 id

106 507 124 539 5
150 493 350 554 quidem
388 492 534 539 facile
574 486 687 556 est),
728 507 876 552 quam
914 494 972 538 ut
1010 493 1291 539 intueamur
1339 507 1530 552 semper
1569 494 1656 538 aut
1689 495 1832 551 certe,

149 569 193 614 51
232 566 441 628 digressi
479 567 730 624 fuerimus,
771 565 947 612 saltem
985 566 1320 626 respiciamus,
1371 582 1431 612 ne
1471 566 1701 627 plausum
1750 566 1832 613 ad-

148 640 445 688 fectantibus
480 656 615 686 arma
650 640 890 686 excidant.
932 639 1177 686 Theodori
1202 639 1384 698 schola,
1423 643 1481 687 ut
1513 640 1628 699 dixi,
1670 642 1833 687 omnia
1861 640 1919 683 27

146 715 297 761 refert
331 713 392 760 ad
425 715 602 774 capita.
643 715 720 760 his
752 714 899 774 plura
930 714 1303 776 intelleguntur,
1334 730 1432 761 uno
1465 713 1610 761 modo
1643 730 1833 761 Summa

148 788 371 849 quaestio
410 789 530 834 item
570 791 627 834 ut
667 790 840 847 status,
881 788 1037 834 altero
1078 790 1281 847 ceterae,
1322 804 1446 848 quae
1488 787 1549 835 ad
1589 803 1834 835 summam

79 876 121 907 ιο
145 863 439 920 referuntur,
478 864 627 908 tertio
671 863 944 923 propositio
990 877 1101 908 cum
1143 861 1498 921 adfirmatione,
1538 865 1595 908 ut
1627 861 1833 909 dicimus

147 932 317 997 ‘caput
340 937 413 983 rei
445 933 534 983 est'
572 931 728 999 [apud
768 935 1094 982 Menandrum
1133 934 1402 997 κεφάλαιόν
1434 931 1601 999 ἐστιν]
1641 938 1694 982 111
1725 937 1833 982 11111-

144 1025 341 1057 versum
381 1013 561 1070 autem,
603 1009 842 1071 quidquid
880 1009 1189 1071 probandum
1247 1012 1334 1069 est,
1390 1012 1484 1057 erit
1523 1011 1685 1071 caput,
1749 1010 1833 1057 sed

145 1084 197 1130 id
236 1085 396 1131 maius
438 1087 524 1130 aut
562 1085 738 1130 minus.

260 1158 327 1204 Et
368 1160 617 1218 quoniam,
674 1174 798 1219 quae
847 1158 904 1205 de
958 1159 1035 1206 his
1085 1161 1225 1205 erant
1281 1159 1604 1219 scriptoribus
1648 1159 1833 1205 artium
1859 1158 1921 1201 28

78 1245 119 1277 15
145 1232 347 1291 tradita,
387 1232 641 1280 verbosius
683 1234 848 1291 etiam,
900 1248 1050 1293 quam
1088 1247 1283 1279 necesse
1333 1235 1454 1290 erat,
1502 1234 1833 1294 exposuimus,

144 1310 416 1367 praeterea,
457 1323 582 1368 quae
622 1309 786 1367 partes
829 1310 989 1354 essent
1026 1306 1337 1354 iudicialium
1369 1322 1644 1366 causarum⁷
1685 1322 1835 1367 supra

145 1380 331 1427 dictum
366 1383 452 1439 est,
485 1383 738 1441 proximus
769 1381 896 1428 liber
925 1360 1102 1442 prima,
1132 1380 1185 1427 id
1227 1383 1300 1428 est
1339 1380 1537 1427 exordia
1575 1382 1831 1441 concipiet.

264 1541 289 1579 5
325 1539 447 1580 certe
479 1545 579 1579 AP:
615 1538 738 1580 certa
770 1545 815 1579 B
959 1543 1010 1579 11
1046 1538 1093 1580 et
1125 1537 1252 1593 apud
1283 1545 1332 1589 A,
1369 1537 1731 1580 additamentum
1764 1538 1834 1580 del

142 1596 371 1653 Spaldiny
500 1601 555 1639 14
588 1610 616 1639 a
649 1597 953 1653 scriptoribus
985 1596 1088 1638 AP²
1227 1602 1278 1639 17
1315 1610 1341 1639 a
1372 1596 1524 1652 prima
1557 1597 1606 1638 id
1647 1602 1717 1639 est
1757 1610 1830 1639 ex-

143 1655 274 1699 ordio
314 1656 510 1712 incipiet
540 1664 577 1697 A
