2055 3130
249 47 359 99 270
744 46 1118 99 QVINTILIANT
1147 47 1297 92 INST.
1332 47 1424 93 ΟΒ..

251 185 487 246 adhiberi,
529 185 646 246 quid
684 186 1075 247 proponendum,
1127 202 1274 248 quam
1324 202 1419 248 quo
1474 187 1617 235 modo
1672 190 1738 236 sit
1791 189 1923 249 quod

250 261 563 320 proposueris
602 259 928 319 probandum:
977 259 1057 306 hic
1095 259 1244 307 immo
1283 260 1357 307 vis
1407 262 1704 308 inventionis
1749 263 1922 323 maior,

251 336 378 380 certe
417 334 564 393 prior.
613 348 727 378 nam
766 334 825 379 ut
862 332 964 379 tela
1011 348 1312 393 supervacua
1359 337 1473 380 sunt
1522 334 1756 381 nescienti
1803 335 1924 396 quid

251 409 402 466 petat,
452 408 520 452 sic
560 409 864 468 argumenta,
916 405 1012 452 nisi
1061 406 1347 466 provideris,
1399 408 1477 453 cui
1524 409 1597 453 rei
1649 407 1924 455 adhibenda

133 479 230 522 110
254 480 366 526 sint.
405 479 497 526 hoc
537 482 623 537 est,
664 479 794 539 quod
833 479 1175 539 comprehendi
1214 483 1317 526 arte
1356 495 1454 526 non
1492 482 1660 540 possit.
1699 481 1923 542 ideoque,

251 568 359 599 cum
399 552 563 613 plures
604 551 773 598 eadem
813 551 1086 611 didicerint,
1125 552 1381 615 generibus
1422 558 1822 616 argumentorum
1860 556 1922 601 si-

253 624 453 672 milibus
493 628 716 672 utentur:
757 625 882 672 alius
923 625 1020 672 alio
1061 626 1220 686 plura,
1261 625 1436 686 quibus
1468 629 1654 686 utatur,
1691 629 1922 674 inveniet.

254 700 319 745 sit
368 699 578 759 exempli
623 699 787 760 gratia
838 700 1092 759 proposita
1145 701 1490 759 controversia,
1546 716 1670 761 quae
1724 702 1924 747 minime

133 772 226 816 111
255 786 533 818 communes
596 787 706 818 cum
767 772 877 818 aliis
939 772 1248 832 quaestiones
1309 772 1477 819 habet:
1543 769 1672 820 ‘cum
1732 773 1924 822 Thebas

252 846 507 892 evertisset
530 844 820 903 Alexander,
843 846 1032 892 invenit-
1061 845 1276 905 tabulas,
1309 846 1482 906 quibus
1516 850 1706 894 centum
1733 848 1926 894 talenta

251 921 424 965 mutua
464 918 711 965 Thessalis
752 917 940 966 dedisse
982 918 1236 966 Thebanos
1271 919 1625 967 continebatur.
1665 920 1768 980 has,
1808 920 1926 981 quia

253 995 358 1038 erat
383 1007 499 1038 usus
524 993 812 1039 commilitio
846 992 1204 1051 Thessa-lorum,
1230 992 1434 1040 donavit
1463 993 1538 1041 his
1562 993 1714 1041 ultro:
1753 997 1926 1056 postea

252 1067 476 1112 restituti
515 1081 543 1112 a
584 1064 831 1113 Casandro
883 1065 1103 1113 Thebani
1148 1070 1410 1127 reposcunt
1461 1067 1731 1114 Thessalos.
1795 1067 1927 1128 apud

252 1139 642 1200 Amphictyonas
684 1134 882 1202 agitur'.
941 1142 1134 1186 centum
1187 1139 1376 1186 talenta
1431 1143 1480 1187 et
1531 1140 1790 1187 credidisse
1843 1156 1926 1188 eos

134 1212 229 1256 112
256 1215 447 1260 constat
487 1216 534 1259 et
574 1228 670 1259 non
708 1213 961 1273 recepisse.
1001 1213 1062 1260 lis
1096 1214 1254 1260 omnis
1287 1229 1343 1258 ex
1376 1229 1446 1272 eo,
1487 1213 1616 1274 quod
1648 1213 1927 1261 Alexander
1974 1232 1989 1251 τ

251 1301 307 1332 ea
348 1286 594 1334 Thessalis
646 1285 851 1333 donasse
901 1286 1102 1345 dicitur,
1154 1286 1346 1346 pendet.
1399 1290 1591 1334 constat
1637 1287 1763 1334 illud
1808 1303 1925 1348 quo-

254 1375 362 1420 que,
402 1375 498 1406 non
538 1374 639 1406 esse
678 1361 740 1406 iis
781 1358 840 1406 ab
880 1359 1159 1406 Alexandro
1198 1360 1460 1420 pecuniam
1499 1361 1688 1407 datam:
1736 1363 1926 1422 quaeri-

251 1437 333 1480 tur
372 1448 501 1495 ergo,
544 1448 605 1479 an
644 1433 847 1493 proinde
888 1435 953 1480 sit
993 1433 1122 1493 quod
1161 1433 1331 1480 datum
1372 1437 1458 1493 est,
1501 1449 1555 1481 ac
1595 1436 1638 1481 si
1668 1436 1926 1495 pecuniam

134 1507 228 1550 113
254 1505 474 1553 dederit?
543 1506 660 1567 quid
726 1506 994 1567 proderunt
1054 1511 1452 1569 argumentorum
1502 1508 1611 1567 loci,
1661 1509 1758 1555 nisi
1806 1508 1926 1554 haec

252 1581 387 1640 prius
427 1579 611 1638 videro,
650 1580 774 1626 nihil
813 1596 923 1626 eum
963 1581 1116 1642 egisse
1158 1580 1402 1640 donando,
1450 1597 1549 1629 non
1587 1581 1805 1642 potuisse
1844 1580 1927 1628 do-

252 1669 384 1713 nare,
437 1669 534 1700 non
590 1653 828 1700 donasse?
906 1656 952 1700 et
1007 1655 1167 1714 prima
1223 1654 1419 1715 quidem
1474 1656 1601 1702 actio
1656 1655 1816 1702 facilis
1872 1670 1928 1702 ac

252 1727 539 1774 favorabilis
586 1729 912 1787 repetentium
962 1729 1087 1787 iure,
1141 1727 1270 1788 quod
1325 1729 1375 1774 vi
1429 1730 1494 1775 sit
1549 1727 1789 1775 ablatum:
1844 1728 1927 1776 sed

252 1801 365 1848 hinc
406 1816 576 1862 aspera
619 1811 666 1847 et
707 1801 964 1847 vehemens
1007 1803 1228 1861 quaestio
1278 1801 1494 1848 exoritur
1541 1802 1598 1848 de
1644 1804 1749 1848 iure
1794 1801 1928 1861 belli,

254 1874 526 1922 dicentibus
569 1874 814 1921 Thessalis
855 1874 943 1921 1100
983 1890 1148 1937 regna,
1188 1875 1411 1935 populos,
1450 1875 1567 1922 fines
1601 1877 1821 1937 gentium
1854 1878 1927 1922 at-

136 1946 231 1992 114
258 1964 350 2009 que
389 1947 585 1994 urbium
626 1949 878 1994 contineri.
918 1947 1265 1995 inveniendum
1305 1951 1474 1996 contra
1515 1952 1601 2007 est,
1643 1965 1737 2009 quo
1778 1947 1928 1995 distet

257 2022 376 2069 haec
424 2037 571 2069 causa
619 2037 647 2068 a
695 2022 889 2080 ceteris,
938 2037 1060 2082 quae
1107 2022 1157 2067 in
1204 2025 1499 2083 potestat-em
1545 2022 1745 2070 victoris
1793 2022 1926 2069 veni-

255 2100 378 2154 rent,
425 2111 511 2142 nec
567 2094 693 2141 circa
747 2095 1087 2155 probationem
1137 2111 1213 2143 res
1261 2096 1451 2155 haeret,
1504 2096 1587 2143 sed
1638 2097 1766 2143 circa
1815 2111 1928 2156 pro-

254 2170 561 2230 positionem.
603 2168 819 2215 dieamus
859 2171 911 2215 in
950 2171 1143 2229 primis:
1194 2170 1246 2215 in
1294 2185 1365 2228 eo,
1413 2169 1543 2230 quod
1589 2171 1641 2215 in
1690 2169 1928 2216 iudicium

256 2241 431 2288 deduci
471 2245 646 2303 potest,
686 2242 810 2288 nihil
848 2242 1011 2289 valere
1049 2244 1127 2289 ius
1160 2242 1291 2300 belli,
1331 2258 1419 2290 nec
1452 2244 1600 2290 armis
1634 2246 1800 2303 erepta
1832 2243 1929 2289 nisi

257 2317 405 2363 armis
444 2331 584 2376 posse
624 2316 838 2362 retineri.
886 2317 1068 2376 itaque,
1129 2317 1216 2362 ubi
1268 2317 1355 2362 illa
1409 2317 1622 2375 valeant,
1672 2332 1768 2363 non
1824 2331 1926 2363 esse
1951 2334 1995 2366 30
2043 2364 2045 2366 ,

137 2389 231 2432 115
256 2390 488 2435 iudicem:
527 2388 615 2435 ubi
653 2389 797 2435 iudex
838 2391 917 2447 sit,
955 2390 1044 2435 illa
1082 2390 1206 2435 nihil
1245 2390 1420 2436 valere.
1460 2390 1550 2436 hoc
1581 2389 1928 2436 inveniendum

256 2466 344 2521 est,
383 2466 441 2509 ut
480 2462 701 2509 adhiberi
740 2464 897 2523 possit
937 2468 1300 2525 argumentum:
1351 2463 1460 2509 ideo
1509 2464 1743 2524 captivos,
1795 2464 1838 2510 si
1875 2465 1928 2509 in

256 2537 472 2598 patriam
511 2551 650 2583 suam
689 2535 935 2594 redierint,
975 2536 1153 2583 liberos
1187 2552 1304 2595 esse,
1346 2539 1462 2597 quia
1493 2536 1621 2583 bello
1653 2538 1799 2597 parta
1829 2551 1927 2582 non

375 2723 398 2760 2
431 2720 805 2774 proposuerimus
838 2728 871 2761 A
909 2722 915 2774 Ι
950 2720 1090 2762 immo
1122 2728 1223 2763 AB:
1266 2720 1304 2762 si
1335 2733 1427 2762 non
1459 2728 1503 2762 P
1531 2720 1716 2762 omnino
1747 2728 1810 2761 ab

257 2781 281 2819 3
316 2780 423 2820 sunt
454 2786 513 2820 P:
549 2779 642 2820 sint
672 2786 755 2820 AB
875 2783 897 2820 7
932 2778 1051 2821 alius
1083 2794 1181 2822 eum
1216 2793 1292 2823 ras
1323 2787 1358 2820 Α
1392 2778 1511 2821 alius
1542 2781 1594 2822 tfi
1626 2787 1670 2820 P
1788 2784 1840 2821 15
1873 2791 1929 2820 ea

253 2836 313 2879 lis
339 2845 405 2878 Ab
527 2841 580 2880 :23
614 2837 823 2892 quaestio
856 2838 1097 2880 vehemens
1129 2846 1164 2879 A
1286 2842 1340 2880 26
1373 2837 1527 2880 venire
1559 2837 1709 2880 solent
1741 2838 1930 2881 Meister
