2055 3130
289 53 392 105 176
778 51 1152 104 QVINTILIANI
1180 51 1245 94 IN
1248 51 1328 95 ST.
1364 51 1456 95 ΟΒ.

513 184 611 241 [DE
645 182 937 226 PARTIBUS
971 182 1297 226 CAUSARUM
1327 182 1738 241 IUDICIALIUM.]

227 265 253 309 1
395 265 478 312 IX.
518 265 660 311 Nunc
699 264 757 310 de
796 263 1076 310 iudiciali
1115 279 1347 325 genere,
1402 263 1535 324 quod
1579 266 1653 311 est
1696 266 1957 325 praecipue

285 338 546 398 multiplex
586 337 669 384 sed
709 336 881 383 officiis
907 338 1099 383 constat
1124 336 1324 397 duobus,
1365 336 1725 385 intentionis
1765 353 1822 384 30
1861 337 1955 384 de-

284 412 597 471 pulsionis.
655 412 790 456 cuius
836 412 1024 470 partes,
1070 412 1126 455 ut
1171 409 1395 471 plurimis
1435 410 1715 457 auctoribus
1755 410 1957 471 placuit,

283 485 498 545 quinque
531 486 664 531 sunt:
705 483 1088 544 prooemium,
1127 485 1421 543 narratio,
1461 482 1760 542 probatio,
1798 483 1955 530 refu-
2003 501 2021 531 5

283 558 466 615 tatio,
505 557 828 617 peroratio.
869 555 944 602 1115
985 555 1267 602 adiecerunt
1299 556 1501 616 quidam
1537 557 1955 617 partitionem,

283 630 783 691 propositionem,
823 644 1144 689 excessum,
1177 645 1385 689 quorum
1409 631 1594 690 priores
1627 629 1750 675 duae
1782 629 1955 690 proba-

226 704 254 746 2
284 705 410 750 tioni
449 703 726 751 succedunt.
783 718 898 748 nam
936 717 1206 762 proponere
1254 702 1450 763 quidem
1499 718 1622 762 quae
1670 702 1734 750 sis
1780 702 1955 763 proba-

286 780 425 824 turus
463 792 656 823 necesse
697 778 782 835 est,
831 775 915 823 sed
961 777 1012 822 et
1061 775 1367 823 concludere:
1423 791 1510 822 cur
1554 775 1722 837 igitur,
1774 776 1815 822 si
1867 776 1957 823 illa

284 865 398 911 pars
453 865 627 896 causae
683 851 777 909 est,
838 865 935 895 non
990 851 1039 894 et
1090 848 1209 896 haec
1272 847 1370 896 sit?
1430 849 1635 909 partitio
1697 865 1812 896 vero
1860 849 1955 896 dis·
1983 868 2024 897 ιο

284 924 542 984 positionis
583 926 655 970 est
703 922 906 983 species,
958 922 1066 982 ipsa
1120 921 1377 983 dispositio
1430 937 1544 983 pars
1591 922 1854 969 rhetorices
1909 925 1957 969 et

284 1013 371 1057 per
417 998 573 1043 omnis
619 997 852 1043 materias
907 998 1163 1056 totumque
1226 1011 1391 1042 earum
1446 1011 1620 1056 corpus
1685 995 1958 1056 aequaliter

228 1075 258 1119 3
286 1071 409 1129 fusa,
449 1071 576 1117 sicut
614 1071 848 1128 inventio,
888 1069 1119 1116 elocutio:
1166 1069 1372 1129 ideoque
1421 1084 1526 1115 eam
1574 1085 1670 1116 non
1719 1070 1956 1116 orationis

285 1145 438 1190 totius
477 1145 668 1203 partem
708 1159 856 1189 unam
897 1158 998 1189 esse
1039 1142 1331 1188 credendum
1372 1145 1458 1201 est,
1499 1143 1581 1189 sed
1614 1145 1956 1203 quaestionum

287 1219 437 1264 etiam
475 1217 795 1278 singularum.
850 1231 973 1276 quae
1014 1218 1087 1263 est
1127 1217 1257 1262 enim
1304 1217 1547 1276 quaestio,
1601 1215 1651 1261 in
1709 1231 1805 1276 qua
1857 1231 1955 1263 non
1982 1233 2021 1263 15

285 1291 571 1351 promittere
610 1292 765 1350 possit
805 1292 983 1347 orator,
1024 1288 1143 1350 quid
1182 1288 1355 1348 primo,
1405 1289 1524 1349 quid
1562 1289 1787 1347 secundo,
1836 1289 1956 1349 quid

284 1365 433 1411 tertio
481 1363 545 1410 sit
591 1364 696 1410 loco
745 1361 999 1410 dicturus?
1062 1361 1193 1423 quod
1239 1365 1312 1408 est
1358 1364 1611 1423 proprium
1658 1363 1954 1422 partitionis.

286 1453 434 1498 quam
466 1452 580 1500 ergo
612 1436 875 1482 ridiculum
907 1439 978 1483 est
1011 1436 1347 1496 quaestionem
1378 1435 1578 1496 quidem
1610 1437 1822 1496 speciem
1854 1451 1955 1483 0550

284 1510 606 1571 probationis,
638 1511 957 1570 partitionem
982 1512 1158 1567 autem,
1193 1525 1316 1569 quae
1341 1508 1406 1556 sit
1429 1509 1612 1568 species
1638 1511 1953 1570 quaestionis,

226 1588 261 1632 4
285 1588 476 1645 partem
514 1585 668 1630 totius
709 1585 945 1630 orationis
986 1580 1186 1630 vocari?
1241 1582 1452 1645 egressio
1506 1597 1621 1629 vero
1679 1583 1771 1641 vel,
1825 1582 1955 1643 quod
1980 1599 2021 1630 20

284 1659 516 1704 usitatius
572 1671 674 1704 esse
729 1658 910 1717 coepit,
967 1671 1206 1713 excessus,
1255 1656 1355 1702 sive
1413 1659 1485 1702 est
1546 1658 1684 1702 extra
1744 1670 1955 1715 causam,

285 1747 383 1778 non
422 1732 586 1792 potest
625 1745 726 1777 esse
776 1745 889 1791 pars
938 1745 1134 1786 causae,
1182 1731 1283 1776 sive
1333 1732 1405 1776 est
1451 1729 1502 1775 in
1549 1744 1718 1788 causa,
1766 1729 1954 1776 adiuto-

283 1806 413 1851 rium
451 1805 529 1851 vel
569 1807 908 1851 ornamentum
947 1805 1165 1864 partium
1204 1805 1277 1850 est
1316 1819 1497 1861 earum,
1537 1818 1593 1849 ex
1619 1802 1796 1862 quibus
1822 1819 1955 1864 egre-

286 1878 430 1924 ditur.
464 1893 578 1924 nam
603 1877 657 1936 si,
684 1877 926 1938 quidquid
957 1879 1006 1923 in
1041 1892 1188 1924 causa
1220 1880 1306 1934 est,
1346 1892 1460 1936 pars
1485 1891 1659 1923 causae
1683 1876 1954 1934 vocabitur,

284 1967 369 1997 cur
406 1968 502 1998 non
536 1954 891 2012 argumentum,
924 1950 1210 2009 similitudo,
1250 1950 1384 1997 locus
1417 1951 1699 2008 communis,
1739 1949 1954 2008 affectus,
1979 1966 2019 1997 25

223 2030 257 2072 ,ὅ
285 2025 505 2084 exempla
543 2027 707 2085 partes
754 2023 1021 2071 vocentur?
1076 2026 1241 2070 tamen
1296 2038 1382 2069 nec
1436 2025 1505 2070 eis
1560 2023 1821 2082 adsentior,
1869 2024 1956 2083 qui

286 2097 550 2145 detrahunt
599 2099 967 2156 refutationem,
1033 2100 1287 2157 tamquam
1336 2096 1615 2158 probationi
1669 2096 1954 2157 subiectam,

286 2175 343 2218 ut
381 2171 686 2218 Aristotcles.
727 2172 846 2218 haec
886 2173 1017 2218 0111111
1056 2174 1143 2230 est,
1183 2186 1306 2231 quae
1347 2171 1631 2228 constituat,
1677 2170 1780 2229 illa,
1828 2185 1953 2230 quae

285 2245 518 2292 destruat.
558 2245 649 2291 hoc
690 2260 881 2305 quoque
920 2244 1051 2291 idem
1090 2245 1401 2304 aliquatenus
1447 2245 1618 2301 novat,
1667 2243 1795 2303 quod
1842 2259 1951 2303 pro-

286 2318 442 2365 oemio
505 2334 602 2364 non
662 2320 995 2365 narrationem
1055 2317 1329 2378 subiungit,
1399 2317 1483 2363 sed
1542 2317 1951 2377 propositionem3
1977 2333 2018 2364 30

286 2408 455 2438 verum
494 2392 546 2438 id
586 2392 720 2449 facit,
761 2393 878 2452 quia
915 2393 1187 2452 propositio
1230 2392 1274 2437 ei
1313 2405 1479 2452 genus,
1518 2390 1737 2436 narratio
1770 2391 1952 2449 species

285 2465 492 2524 videtur,
533 2467 582 2512 et
620 2466 712 2511 hac
750 2481 848 2511 non
887 2480 1088 2524 semper,
1138 2464 1226 2510 1113
1265 2478 1453 2524 semper
1493 2467 1539 2510 et
1578 2463 1760 2524 ubique
1801 2463 1953 2510 credit

286 2554 405 2598 opus
446 2554 559 2585 esse.

404 2668 457 2705 28
490 2664 623 2706 Rhet.
658 2669 696 2717 2,
731 2668 785 2706 26
819 2690 872 2696 -
908 2668 961 2706 29
994 2663 1055 2706 ib.
1091 2668 1130 2716 3,
1167 2667 1218 2705 13

405 2787 426 2823 7
447 2789 694 2836 quarumP
752 2785 776 2823 8
793 2780 1035 2824 succidunt
1047 2788 1198 2831 Ban
1262 2784 1313 2822 13
1330 2779 1466 2822 sicuti
1480 2797 1511 2821 α
1576 2784 1627 2822 15
1647 2778 1768 2822 enim
1783 2792 1852 2822 om
1868 2786 1957 2821 BP

404 2845 457 2884 26
490 2854 574 2883 1100
598 2841 684 2898 015]
716 2853 865 2894 neque
889 2840 960 2882 his
985 2847 1128 2883 Bnec
1143 2839 1200 2882 iis
1227 2847 1366 2881 Pnec
1381 2838 1454 2880 his
1472 2846 1507 2879 A
1628 2842 1681 2881 31
1716 2837 1758 2882 01
1775 2851 1844 2881 om
1868 2845 1956 2879 BP
