<?xml version="1.0" encoding="UTF-8"?>
<!DOCTYPE html PUBLIC "-//W3C//DTD XHTML 1.0 Transitional//EN"
    "http://www.w3.org/TR/xhtml1/DTD/xhtml1-transitional.dtd">
<html xmlns="http://www.w3.org/1999/xhtml" xml:lang="en" lang="en">
 <head>
  <title>
</title>
<meta http-equiv="Content-Type" content="text/html;charset=utf-8" />
  <meta name='ocr-system' content='tesseract 3.04.00' />
  <meta name='ocr-capabilities' content='ocr_page ocr_carea ocr_par ocr_line ocrx_word'/>
</head>
<body>
  <div class='ocr_page' id='page_1' title='image "./institvtionisora00quinuoft/institvtionisora00quinuoft_0318.png"; bbox 0 0 2055 3130; ppageno 0'>
   <div class='ocr_carea' id='block_1_1' title="bbox 211 61 1383 114">
    <p class='ocr_par' dir='ltr' id='par_1_1' title="bbox 211 61 1383 114">
     <span class='ocr_line' id='line_1_1' title="bbox 211 61 1383 114; baseline -0.002 -6"><span class='ocrx_word' id='word_1_1' title='bbox 211 61 318 114; x_wconf 80' lang='grc'>298</span> <span class='ocrx_word' id='word_1_2' title='bbox 706 61 1077 113; x_wconf 83' lang='lat' dir='ltr'><strong>QVINTILIANI</strong></span> <span class='ocrx_word' id='word_1_3' title='bbox 1107 63 1257 106; x_wconf 78' lang='lat' dir='ltr'><strong>INST.</strong></span> <span class='ocrx_word' id='word_1_4' title='bbox 1291 62 1383 107; x_wconf 73' lang='grc' dir='ltr'>ΟΒ.</span> 
     </span>
    </p>
   </div>
   <div class='ocr_carea' id='block_1_2' title="bbox 211 200 1883 410">
    <p class='ocr_par' dir='ltr' id='par_1_2' title="bbox 211 200 1883 410">
     <span class='ocr_line' id='line_1_2' title="bbox 211 200 1883 264; baseline 0.001 -17"><span class='ocrx_word' id='word_1_5' title='bbox 211 203 386 263; x_wconf 85' lang='lat' dir='ltr'>parent</span> <span class='ocrx_word' id='word_1_6' title='bbox 433 202 651 247; x_wconf 90' lang='lat' dir='ltr'>animum</span> <span class='ocrx_word' id='word_1_7' title='bbox 711 200 900 261; x_wconf 87' lang='lat' dir='ltr'>iudicis,</span> <span class='ocrx_word' id='word_1_8' title='bbox 960 204 1074 248; x_wconf 92' lang='lat' dir='ltr'>sunt</span> <span class='ocrx_word' id='word_1_9' title='bbox 1128 203 1215 262; x_wconf 92' lang='lat' dir='ltr'>qui</span> <span class='ocrx_word' id='word_1_10' title='bbox 1268 201 1565 249; x_wconf 85' lang='lat' dir='ltr'>confirment.</span> <span class='ocrx_word' id='word_1_11' title='bbox 1622 202 1705 249; x_wconf 93' lang='lat' dir='ltr'>sed</span> <span class='ocrx_word' id='word_1_12' title='bbox 1742 217 1883 264; x_wconf 86' lang='lat' dir='ltr'>prae-</span> 
     </span>
     <span class='ocr_line' id='line_1_3' title="bbox 211 273 1883 335; baseline 0.001 -15"><span class='ocrx_word' id='word_1_13' title='bbox 211 274 406 335; x_wconf 88' lang='lat' dir='ltr'>paratio</span> <span class='ocrx_word' id='word_1_14' title='bbox 470 290 662 334; x_wconf 91' lang='lat' dir='ltr'>quoque</span> <span class='ocrx_word' id='word_1_15' title='bbox 724 276 812 320; x_wconf 90' lang='lat' dir='ltr'>aut</span> <span class='ocrx_word' id='word_1_16' title='bbox 871 273 1177 322; x_wconf 90' lang='lat' dir='ltr'>confirmatio</span> <span class='ocrx_word' id='word_1_17' title='bbox 1239 275 1504 335; x_wconf 90' lang='lat' dir='ltr'>aliquando</span> <span class='ocrx_word' id='word_1_18' title='bbox 1559 275 1710 322; x_wconf 90' lang='lat' dir='ltr'>totius</span> <span class='ocrx_word' id='word_1_19' title='bbox 1773 290 1883 322; x_wconf 87' lang='lat' dir='ltr'>cau·</span> 
     </span>
     <span class='ocr_line' id='line_1_4' title="bbox 214 346 1883 410; baseline 0.001 -16"><span class='ocrx_word' id='word_1_20' title='bbox 214 362 294 394; x_wconf 89' lang='lat' dir='ltr'>sae</span> <span class='ocrx_word' id='word_1_21' title='bbox 357 349 444 406; x_wconf 90' lang='lat' dir='ltr'>est,</span> <span class='ocrx_word' id='word_1_22' title='bbox 515 346 779 407; x_wconf 90' lang='lat' dir='ltr'>aliquando</span> <span class='ocrx_word' id='word_1_23' title='bbox 849 349 1088 408; x_wconf 89' lang='lat' dir='ltr'>partium,</span> <span class='ocrx_word' id='word_1_24' title='bbox 1166 351 1216 395; x_wconf 91' lang='lat' dir='ltr'>et</span> <span class='ocrx_word' id='word_1_25' title='bbox 1283 348 1509 408; x_wconf 79' lang='lat' dir='ltr'>proinde,</span> <span class='ocrx_word' id='word_1_26' title='bbox 1577 351 1634 395; x_wconf 91' lang='lat' dir='ltr'>ut</span> <span class='ocrx_word' id='word_1_27' title='bbox 1711 350 1883 410; x_wconf 85' lang='lat' dir='ltr'>cuique</span> 
     </span>
    </p>
   </div>
   <div class='ocr_carea' id='block_1_3' title="bbox 118 419 1884 481">
    <p class='ocr_par' dir='ltr' id='par_1_3' title="bbox 118 419 1884 481">
     <span class='ocr_line' id='line_1_5' title="bbox 118 419 1884 481; baseline 0.002 -16"><span class='ocrx_word' id='word_1_28' title='bbox 118 420 188 465; x_wconf 76' lang='lat'>:59</span> <span class='ocrx_word' id='word_1_29' title='bbox 213 421 522 480; x_wconf 85' lang='lat' dir='ltr'>conveniunt,</span> <span class='ocrx_word' id='word_1_30' title='bbox 584 419 878 467; x_wconf 90' lang='lat' dir='ltr'>subicienda.</span> <span class='ocrx_word' id='word_1_31' title='bbox 947 421 1152 481; x_wconf 92' lang='lat' dir='ltr'>ideoque</span> <span class='ocrx_word' id='word_1_32' title='bbox 1213 422 1365 467; x_wconf 87' lang='lat' dir='ltr'>miror</span> <span class='ocrx_word' id='word_1_33' title='bbox 1424 422 1554 467; x_wconf 90' lang='lat' dir='ltr'>inter</span> <span class='ocrx_word' id='word_1_34' title='bbox 1617 421 1736 468; x_wconf 92' lang='lat' dir='ltr'>duos</span> <span class='ocrx_word' id='word_1_35' title='bbox 1812 421 1884 468; x_wconf 92' lang='lat' dir='ltr'>di-</span> 
     </span>
    </p>
   </div>
   <div class='ocr_carea' id='block_1_4' title="bbox 210 493 1950 994">
    <p class='ocr_par' dir='ltr' id='par_1_4' title="bbox 210 493 1950 994">
     <span class='ocr_line' id='line_1_6' title="bbox 210 493 1950 542; baseline 0.001 -2"><span class='ocrx_word' id='word_1_36' title='bbox 210 509 462 540; x_wconf 86' lang='lat' dir='ltr'>versarum</span> <span class='ocrx_word' id='word_1_37' title='bbox 538 495 782 540; x_wconf 88' lang='lat' dir='ltr'>sectarum</span> <span class='ocrx_word' id='word_1_38' title='bbox 857 493 994 540; x_wconf 86' lang='lat' dir='ltr'>velut</span> <span class='ocrx_word' id='word_1_39' title='bbox 1069 493 1214 541; x_wconf 91' lang='lat' dir='ltr'>duces</span> <span class='ocrx_word' id='word_1_40' title='bbox 1291 510 1388 541; x_wconf 90' lang='lat' dir='ltr'>non</span> <span class='ocrx_word' id='word_1_41' title='bbox 1463 494 1698 542; x_wconf 90' lang='lat' dir='ltr'>mediocri</span> <span class='ocrx_word' id='word_1_42' title='bbox 1773 510 1882 542; x_wconf 91' lang='lat' dir='ltr'>con·</span> <span class='ocrx_word' id='word_1_43' title='bbox 1931 510 1950 541; x_wconf 86' lang='lat'>5</span> 
     </span>
     <span class='ocr_line' id='line_1_7' title="bbox 210 567 1884 629; baseline 0.001 -16"><span class='ocrx_word' id='word_1_44' title='bbox 210 568 428 613; x_wconf 73' lang='lat' dir='ltr'>tentione</span> <span class='ocrx_word' id='word_1_45' title='bbox 493 567 785 626; x_wconf 89' lang='lat' dir='ltr'>quaesitum,</span> <span class='ocrx_word' id='word_1_46' title='bbox 848 567 1118 629; x_wconf 79' lang='lat' dir='ltr'>singulisne</span> <span class='ocrx_word' id='word_1_47' title='bbox 1187 567 1552 629; x_wconf 73' lang='lat' dir='ltr'>quaestionibus</span> <span class='ocrx_word' id='word_1_48' title='bbox 1615 567 1884 615; x_wconf 90' lang='lat' dir='ltr'>subiciendi</span> 
     </span>
     <span class='ocr_line' id='line_1_8' title="bbox 212 639 1883 701; baseline 0.001 -14"><span class='ocrx_word' id='word_1_49' title='bbox 212 642 372 687; x_wconf 89' lang='lat' dir='ltr'>essent</span> <span class='ocrx_word' id='word_1_50' title='bbox 434 639 543 699; x_wconf 89' lang='lat' dir='ltr'>loci,</span> <span class='ocrx_word' id='word_1_51' title='bbox 613 642 669 686; x_wconf 91' lang='lat' dir='ltr'>ut</span> <span class='ocrx_word' id='word_1_52' title='bbox 738 640 991 686; x_wconf 88' lang='lat' dir='ltr'>Theodoro</span> <span class='ocrx_word' id='word_1_53' title='bbox 1053 641 1229 701; x_wconf 85' lang='lat' dir='ltr'>placet,</span> <span class='ocrx_word' id='word_1_54' title='bbox 1303 657 1366 687; x_wconf 86' lang='lat' dir='ltr'>an</span> <span class='ocrx_word' id='word_1_55' title='bbox 1434 642 1568 701; x_wconf 89' lang='lat' dir='ltr'>prius</span> <span class='ocrx_word' id='word_1_56' title='bbox 1639 641 1883 688; x_wconf 88' lang='lat' dir='ltr'>docendus</span> 
     </span>
     <span class='ocr_line' id='line_1_9' title="bbox 210 712 1882 775; baseline 0.001 -17"><span class='ocrx_word' id='word_1_57' title='bbox 210 712 355 759; x_wconf 85' lang='lat' dir='ltr'>iudex</span> <span class='ocrx_word' id='word_1_58' title='bbox 405 728 551 773; x_wconf 87' lang='lat' dir='ltr'>quam</span> <span class='ocrx_word' id='word_1_59' title='bbox 604 713 893 772; x_wconf 84' lang='lat' dir='ltr'>movendus,</span> <span class='ocrx_word' id='word_1_60' title='bbox 944 717 1000 760; x_wconf 91' lang='lat' dir='ltr'>ut</span> <span class='ocrx_word' id='word_1_61' title='bbox 1053 715 1294 775; x_wconf 76' lang='lat' dir='ltr'>praecipit</span> <span class='ocrx_word' id='word_1_62' title='bbox 1339 714 1691 775; x_wconf 80' lang='lat' dir='ltr'>Apollodorus,</span> <span class='ocrx_word' id='word_1_63' title='bbox 1758 717 1882 760; x_wconf 89' lang='lat' dir='ltr'>tam—</span> 
     </span>
     <span class='ocr_line' id='line_1_10' title="bbox 213 786 1883 849; baseline 0.001 -17"><span class='ocrx_word' id='word_1_64' title='bbox 213 802 361 847; x_wconf 84' lang='lat' dir='ltr'><strong>quam</strong></span> <span class='ocrx_word' id='word_1_65' title='bbox 421 787 623 847; x_wconf 89' lang='lat' dir='ltr'>perierit</span> <span class='ocrx_word' id='word_1_66' title='bbox 682 786 801 833; x_wconf 88' lang='lat' dir='ltr'>haec</span> <span class='ocrx_word' id='word_1_67' title='bbox 862 787 990 834; x_wconf 91' lang='lat' dir='ltr'>ratio</span> <span class='ocrx_word' id='word_1_68' title='bbox 1044 787 1206 834; x_wconf 88' lang='lat' dir='ltr'>media</span> <span class='ocrx_word' id='word_1_69' title='bbox 1265 790 1312 834; x_wconf 89' lang='lat' dir='ltr'>et</span> <span class='ocrx_word' id='word_1_70' title='bbox 1373 787 1498 833; x_wconf 88' lang='lat' dir='ltr'>nihil</span> <span class='ocrx_word' id='word_1_71' title='bbox 1559 802 1668 834; x_wconf 89' lang='lat' dir='ltr'>cum</span> <span class='ocrx_word' id='word_1_72' title='bbox 1727 787 1883 849; x_wconf 89' lang='lat' dir='ltr'>ipsius</span> 
     </span>
     <span class='ocr_line' id='line_1_11' title="bbox 212 859 1950 921; baseline 0 -15"><span class='ocrx_word' id='word_1_73' title='bbox 212 875 385 906; x_wconf 89' lang='lat' dir='ltr'>causae</span> <span class='ocrx_word' id='word_1_74' title='bbox 433 859 651 906; x_wconf 90' lang='lat' dir='ltr'>utilitate</span> <span class='ocrx_word' id='word_1_75' title='bbox 707 861 771 906; x_wconf 88' lang='lat' dir='ltr'>sit</span> <span class='ocrx_word' id='word_1_76' title='bbox 826 859 1206 907; x_wconf 87' lang='lat' dir='ltr'>deliberandum.</span> <span class='ocrx_word' id='word_1_77' title='bbox 1261 861 1382 908; x_wconf 90' lang='lat' dir='ltr'>haec</span> <span class='ocrx_word' id='word_1_78' title='bbox 1435 862 1746 921; x_wconf 88' lang='lat' dir='ltr'>praecipiunt</span> <span class='ocrx_word' id='word_1_79' title='bbox 1799 862 1884 920; x_wconf 89' lang='lat' dir='ltr'>qui</span> <span class='ocrx_word' id='word_1_80' title='bbox 1909 875 1950 907; x_wconf 88' lang='lat'>10</span> 
     </span>
     <span class='ocr_line' id='line_1_12' title="bbox 211 933 1884 994; baseline 0.001 -15"><span class='ocrx_word' id='word_1_81' title='bbox 211 933 305 994; x_wconf 89' lang='lat' dir='ltr'>ipsi</span> <span class='ocrx_word' id='word_1_82' title='bbox 345 948 443 979; x_wconf 91' lang='lat' dir='ltr'>non</span> <span class='ocrx_word' id='word_1_83' title='bbox 483 933 652 980; x_wconf 89' lang='lat' dir='ltr'>dicunt</span> <span class='ocrx_word' id='word_1_84' title='bbox 690 933 741 979; x_wconf 93' lang='lat' dir='ltr'>in</span> <span class='ocrx_word' id='word_1_85' title='bbox 781 934 902 992; x_wconf 87' lang='lat' dir='ltr'>foro,</span> <span class='ocrx_word' id='word_1_86' title='bbox 941 937 996 980; x_wconf 91' lang='lat' dir='ltr'>ut</span> <span class='ocrx_word' id='word_1_87' title='bbox 1035 938 1164 981; x_wconf 92' lang='lat' dir='ltr'>artes</span> <span class='ocrx_word' id='word_1_88' title='bbox 1199 950 1227 980; x_wconf 91' lang='lat' dir='ltr'>a</span> <span class='ocrx_word' id='word_1_89' title='bbox 1259 935 1438 981; x_wconf 88' lang='lat' dir='ltr'>securis</span> <span class='ocrx_word' id='word_1_90' title='bbox 1472 934 1741 994; x_wconf 80' lang='lat' dir='ltr'>otiosisque</span> <span class='ocrx_word' id='word_1_91' title='bbox 1774 949 1884 980; x_wconf 90' lang='lat' dir='ltr'>con-</span> 
     </span>
    </p>
   </div>
   <div class='ocr_carea' id='block_1_5' title="bbox 119 1006 1884 1069">
    <p class='ocr_par' dir='ltr' id='par_1_5' title="bbox 119 1006 1884 1069">
     <span class='ocr_line' id='line_1_13' title="bbox 119 1006 1884 1069; baseline 0.002 -17"><span class='ocrx_word' id='word_1_92' title='bbox 119 1008 185 1052; x_wconf 72' lang='grc'>60</span> <span class='ocrx_word' id='word_1_93' title='bbox 210 1006 400 1068; x_wconf 88' lang='lat' dir='ltr'>positae</span> <span class='ocrx_word' id='word_1_94' title='bbox 439 1008 548 1067; x_wconf 90' lang='lat' dir='ltr'>ipsa</span> <span class='ocrx_word' id='word_1_95' title='bbox 587 1023 780 1069; x_wconf 84' lang='lat' dir='ltr'>pugnae</span> <span class='ocrx_word' id='word_1_96' title='bbox 820 1009 1108 1054; x_wconf 73' lang='lat' dir='ltr'>necessitate</span> <span class='ocrx_word' id='word_1_97' title='bbox 1147 1007 1419 1054; x_wconf 79' lang='lat' dir='ltr'>turbentur.</span> <span class='ocrx_word' id='word_1_98' title='bbox 1467 1023 1677 1068; x_wconf 89' lang='lat' dir='ltr'>namque</span> <span class='ocrx_word' id='word_1_99' title='bbox 1718 1023 1884 1055; x_wconf 90' lang='lat' dir='ltr'>omnes</span> 
     </span>
    </p>
   </div>
   <div class='ocr_carea' id='block_1_6' title="bbox 156 1671 184 1714">
    <p class='ocr_par' dir='ltr' id='par_1_6' title="bbox 156 1671 184 1714">
     <span class='ocr_line' id='line_1_14' title="bbox 156 1671 184 1714; baseline 0 0"><span class='ocrx_word' id='word_1_100' title='bbox 156 1671 184 1714; x_wconf 94' lang='lat'>1</span> 
     </span>
    </p>
   </div>
   <div class='ocr_carea' id='block_1_7' title="bbox 150 2259 182 2302">
    <p class='ocr_par' dir='ltr' id='par_1_7' title="bbox 150 2259 182 2302">
     <span class='ocr_line' id='line_1_15' title="bbox 150 2259 182 2302; textangle 90"><span class='ocrx_word' id='word_1_101' title='bbox 150 2259 182 2302; x_wconf 61' lang='grc' dir='ltr'>ιθ</span> 
     </span>
    </p>
   </div>
   <div class='ocr_carea' id='block_1_8' title="bbox 209 1080 1950 1434">
    <p class='ocr_par' dir='ltr' id='par_1_8' title="bbox 209 1080 1950 1434">
     <span class='ocr_line' id='line_1_16' title="bbox 210 1080 1883 1143; baseline 0.001 -17"><span class='ocrx_word' id='word_1_102' title='bbox 210 1080 325 1138; x_wconf 86' lang='lat' dir='ltr'>fere,</span> <span class='ocrx_word' id='word_1_103' title='bbox 366 1082 450 1140; x_wconf 87' lang='lat' dir='ltr'>qui</span> <span class='ocrx_word' id='word_1_104' title='bbox 489 1080 645 1143; x_wconf 89' lang='lat' dir='ltr'>legem</span> <span class='ocrx_word' id='word_1_105' title='bbox 686 1080 881 1127; x_wconf 90' lang='lat' dir='ltr'>dicendi</span> <span class='ocrx_word' id='word_1_106' title='bbox 919 1083 1059 1141; x_wconf 85' lang='lat' dir='ltr'>quasi</span> <span class='ocrx_word' id='word_1_107' title='bbox 1101 1081 1340 1141; x_wconf 83' lang='lat' dir='ltr'>quaedam</span> <span class='ocrx_word' id='word_1_108' title='bbox 1386 1082 1620 1141; x_wconf 85' lang='lat' dir='ltr'>mysteria</span> <span class='ocrx_word' id='word_1_109' title='bbox 1671 1080 1883 1128; x_wconf 87' lang='lat' dir='ltr'>tradide-</span> 
     </span>
     <span class='ocr_line' id='line_1_17' title="bbox 209 1154 1884 1217; baseline 0.001 -18"><span class='ocrx_word' id='word_1_110' title='bbox 209 1157 339 1212; x_wconf 90' lang='lat' dir='ltr'>runt,</span> <span class='ocrx_word' id='word_1_111' title='bbox 380 1154 524 1201; x_wconf 89' lang='lat' dir='ltr'>certis</span> <span class='ocrx_word' id='word_1_112' title='bbox 564 1169 660 1200; x_wconf 88' lang='lat' dir='ltr'>non</span> <span class='ocrx_word' id='word_1_113' title='bbox 700 1155 1102 1201; x_wconf 84' lang='lat' dir='ltr'>inveniendorum</span> <span class='ocrx_word' id='word_1_114' title='bbox 1142 1154 1285 1201; x_wconf 92' lang='lat' dir='ltr'>modo</span> <span class='ocrx_word' id='word_1_115' title='bbox 1321 1157 1718 1217; x_wconf 86' lang='lat' dir='ltr'>argumentorum</span> <span class='ocrx_word' id='word_1_116' title='bbox 1750 1154 1884 1212; x_wconf 89' lang='lat' dir='ltr'>locis,</span> 
     </span>
     <span class='ocr_line' id='line_1_18' title="bbox 209 1226 1950 1289; baseline -0.001 -15"><span class='ocrx_word' id='word_1_117' title='bbox 209 1226 294 1274; x_wconf 85' lang='lat' dir='ltr'>sed</span> <span class='ocrx_word' id='word_1_118' title='bbox 341 1227 782 1274; x_wconf 79' lang='lat' dir='ltr'>concludendorum</span> <span class='ocrx_word' id='word_1_119' title='bbox 830 1243 1023 1288; x_wconf 90' lang='lat' dir='ltr'>quoque</span> <span class='ocrx_word' id='word_1_120' title='bbox 1072 1243 1158 1275; x_wconf 91' lang='lat' dir='ltr'>nos</span> <span class='ocrx_word' id='word_1_121' title='bbox 1210 1228 1484 1288; x_wconf 86' lang='lat' dir='ltr'>praeceptis</span> <span class='ocrx_word' id='word_1_122' title='bbox 1532 1228 1882 1289; x_wconf 86' lang='lat' dir='ltr'>alligaverunt:</span> <span class='ocrx_word' id='word_1_123' title='bbox 1910 1242 1950 1273; x_wconf 85' lang='lat'>15</span> 
     </span>
     <span class='ocr_line' id='line_1_19' title="bbox 210 1300 1884 1362; baseline 0.001 -16"><span class='ocrx_word' id='word_1_124' title='bbox 210 1300 269 1347; x_wconf 89' lang='lat' dir='ltr'>de</span> <span class='ocrx_word' id='word_1_125' title='bbox 311 1300 486 1360; x_wconf 91' lang='lat' dir='ltr'>quibus</span> <span class='ocrx_word' id='word_1_126' title='bbox 526 1300 808 1348; x_wconf 78' lang='lat' dir='ltr'>brevissime</span> <span class='ocrx_word' id='word_1_127' title='bbox 848 1302 1181 1361; x_wconf 83' lang='lat' dir='ltr'>praelocutus,</span> <span class='ocrx_word' id='word_1_128' title='bbox 1234 1301 1350 1362; x_wconf 86' lang='lat' dir='ltr'>quid</span> <span class='ocrx_word' id='word_1_129' title='bbox 1400 1301 1504 1362; x_wconf 90' lang='lat' dir='ltr'>ipse</span> <span class='ocrx_word' id='word_1_130' title='bbox 1560 1302 1783 1359; x_wconf 89' lang='lat' dir='ltr'>sentiam,</span> <span class='ocrx_word' id='word_1_131' title='bbox 1832 1301 1884 1347; x_wconf 89' lang='lat' dir='ltr'>id</span> 
     </span>
     <span class='ocr_line' id='line_1_20' title="bbox 210 1374 1881 1434; baseline -0.001 -13"><span class='ocrx_word' id='word_1_132' title='bbox 210 1377 284 1421; x_wconf 89' lang='lat' dir='ltr'>est</span> <span class='ocrx_word' id='word_1_133' title='bbox 324 1374 441 1434; x_wconf 91' lang='lat' dir='ltr'>quid</span> <span class='ocrx_word' id='word_1_134' title='bbox 481 1375 775 1421; x_wconf 88' lang='lat' dir='ltr'>clarissimos</span> <span class='ocrx_word' id='word_1_135' title='bbox 816 1378 1033 1422; x_wconf 88' lang='lat' dir='ltr'>oratores</span> <span class='ocrx_word' id='word_1_136' title='bbox 1074 1376 1242 1422; x_wconf 88' lang='lat' dir='ltr'>fecisse</span> <span class='ocrx_word' id='word_1_137' title='bbox 1291 1374 1506 1433; x_wconf 74' lang='lat' dir='ltr'>videam,</span> <span class='ocrx_word' id='word_1_138' title='bbox 1553 1390 1651 1421; x_wconf 92' lang='lat' dir='ltr'>non</span> <span class='ocrx_word' id='word_1_139' title='bbox 1697 1374 1881 1421; x_wconf 87' lang='lat' dir='ltr'>tacebo.</span> 
     </span>
    </p>
   </div>
   <div class='ocr_carea' id='block_1_9' title="bbox 210 1498 1882 1631">
    <p class='ocr_par' dir='ltr' id='par_1_9' title="bbox 210 1498 1882 1631">
     <span class='ocr_line' id='line_1_21' title="bbox 210 1498 1882 1556; baseline -0.001 -14"><span class='ocrx_word' id='word_1_140' title='bbox 210 1498 447 1556; x_wconf 78' lang='lat' dir='ltr'>[QUIBUS</span> <span class='ocrx_word' id='word_1_141' title='bbox 481 1498 750 1542; x_wconf 79' lang='lat' dir='ltr'>CONSTET</span> <span class='ocrx_word' id='word_1_142' title='bbox 794 1499 1165 1542; x_wconf 79' lang='lat' dir='ltr'>EP1CH1REMA</span> <span class='ocrx_word' id='word_1_143' title='bbox 1203 1499 1279 1542; x_wconf 81' lang='lat' dir='ltr'>ET</span> <span class='ocrx_word' id='word_1_144' title='bbox 1313 1498 1430 1550; x_wconf 56' lang='lat' dir='ltr'>Qvo</span> <span class='ocrx_word' id='word_1_145' title='bbox 1465 1498 1636 1542; x_wconf 81' lang='lat' dir='ltr'>MODO</span> <span class='ocrx_word' id='word_1_146' title='bbox 1669 1498 1882 1541; x_wconf 81' lang='lat' dir='ltr'>REFEL-</span> 
     </span>
     <span class='ocr_line' id='line_1_22' title="bbox 931 1573 1163 1631; baseline 0 -15"><span class='ocrx_word' id='word_1_147' title='bbox 931 1573 1163 1631; x_wconf 66' lang='lat' dir='ltr'>LATUR]</span> 
     </span>
    </p>
   </div>
   <div class='ocr_carea' id='block_1_10' title="bbox 210 1667 1952 2466">
    <p class='ocr_par' dir='ltr' id='par_1_10' title="bbox 210 1667 1952 2466">
     <span class='ocr_line' id='line_1_23' title="bbox 323 1667 1952 1731; baseline 0 -17"><span class='ocrx_word' id='word_1_148' title='bbox 323 1668 453 1717; x_wconf 83' lang='lat' dir='ltr'>XIV.</span> <span class='ocrx_word' id='word_1_149' title='bbox 494 1669 656 1731; x_wconf 85' lang='lat' dir='ltr'>Igitur</span> <span class='ocrx_word' id='word_1_150' title='bbox 697 1670 1010 1730; x_wconf 70' lang='lat' dir='ltr'>enthymema</span> <span class='ocrx_word' id='word_1_151' title='bbox 1051 1672 1100 1716; x_wconf 93' lang='lat' dir='ltr'>et</span> <span class='ocrx_word' id='word_1_152' title='bbox 1140 1671 1482 1731; x_wconf 84' lang='lat' dir='ltr'>argumentum</span> <span class='ocrx_word' id='word_1_153' title='bbox 1514 1670 1689 1729; x_wconf 89' lang='lat' dir='ltr'>ipsum,</span> <span class='ocrx_word' id='word_1_154' title='bbox 1730 1667 1780 1715; x_wconf 92' lang='lat' dir='ltr'>id</span> <span class='ocrx_word' id='word_1_155' title='bbox 1812 1670 1885 1715; x_wconf 90' lang='lat' dir='ltr'>est</span> <span class='ocrx_word' id='word_1_156' title='bbox 1910 1683 1952 1714; x_wconf 82' lang='lat'>20</span> 
     </span>
     <span class='ocr_line' id='line_1_24' title="bbox 210 1742 1884 1804; baseline -0.001 -16"><span class='ocrx_word' id='word_1_157' title='bbox 210 1758 326 1800; x_wconf 90' lang='lat' dir='ltr'>rem,</span> <span class='ocrx_word' id='word_1_158' title='bbox 366 1759 490 1803; x_wconf 89' lang='lat' dir='ltr'>quae</span> <span class='ocrx_word' id='word_1_159' title='bbox 530 1744 812 1804; x_wconf 87' lang='lat' dir='ltr'>probationi</span> <span class='ocrx_word' id='word_1_160' title='bbox 853 1744 1055 1790; x_wconf 86' lang='lat' dir='ltr'>alterius</span> <span class='ocrx_word' id='word_1_161' title='bbox 1096 1742 1367 1800; x_wconf 76' lang='lat' dir='ltr'>adhibetur,</span> <span class='ocrx_word' id='word_1_162' title='bbox 1409 1742 1665 1802; x_wconf 90' lang='lat' dir='ltr'>appellant</span> <span class='ocrx_word' id='word_1_163' title='bbox 1712 1744 1761 1788; x_wconf 87' lang='lat' dir='ltr'>et</span> <span class='ocrx_word' id='word_1_164' title='bbox 1809 1757 1884 1789; x_wconf 89' lang='lat' dir='ltr'>ar-</span> 
     </span>
     <span class='ocr_line' id='line_1_25' title="bbox 211 1815 1885 1877; baseline -0.001 -15"><span class='ocrx_word' id='word_1_165' title='bbox 211 1818 432 1877; x_wconf 85' lang='lat' dir='ltr'>gumenti</span> <span class='ocrx_word' id='word_1_166' title='bbox 480 1817 824 1875; x_wconf 86' lang='lat' dir='ltr'>elocutionem,</span> <span class='ocrx_word' id='word_1_167' title='bbox 880 1833 988 1864; x_wconf 87' lang='lat' dir='ltr'>eam</span> <span class='ocrx_word' id='word_1_168' title='bbox 1042 1832 1172 1876; x_wconf 82' lang='lat' dir='ltr'>vero,</span> <span class='ocrx_word' id='word_1_169' title='bbox 1227 1819 1282 1862; x_wconf 90' lang='lat' dir='ltr'>ut</span> <span class='ocrx_word' id='word_1_170' title='bbox 1335 1815 1450 1874; x_wconf 83' lang='lat' dir='ltr'>dixi,</span> <span class='ocrx_word' id='word_1_171' title='bbox 1502 1815 1773 1877; x_wconf 85' lang='lat' dir='ltr'>duplicem:</span> <span class='ocrx_word' id='word_1_172' title='bbox 1829 1830 1885 1860; x_wconf 82' lang='lat' dir='ltr'>ex</span> 
     </span>
     <span class='ocr_line' id='line_1_26' title="bbox 210 1889 1884 1951; baseline -0.001 -15"><span class='ocrx_word' id='word_1_173' title='bbox 210 1890 633 1949; x_wconf 88' lang='lat' dir='ltr'>consequentibus,</span> <span class='ocrx_word' id='word_1_174' title='bbox 683 1890 811 1951; x_wconf 89' lang='lat' dir='ltr'>quod</span> <span class='ocrx_word' id='word_1_175' title='bbox 850 1891 998 1937; x_wconf 91' lang='lat' dir='ltr'>habet</span> <span class='ocrx_word' id='word_1_176' title='bbox 1044 1889 1429 1951; x_wconf 86' lang='lat' dir='ltr'>propositionem</span> <span class='ocrx_word' id='word_1_177' title='bbox 1477 1889 1884 1949; x_wconf 89' lang='lat' dir='ltr'>coniunctamque</span> 
     </span>
     <span class='ocr_line' id='line_1_27' title="bbox 212 1958 1885 2025; baseline -0.001 -16"><span class='ocrx_word' id='word_1_178' title='bbox 212 1965 257 2009; x_wconf 91' lang='lat' dir='ltr'>ei</span> <span class='ocrx_word' id='word_1_179' title='bbox 288 1965 511 2023; x_wconf 91' lang='lat' dir='ltr'>protinus</span> <span class='ocrx_word' id='word_1_180' title='bbox 543 1964 897 2025; x_wconf 88' lang='lat' dir='ltr'>probationem,</span> <span class='ocrx_word' id='word_1_181' title='bbox 930 1964 1074 2025; x_wconf 90' lang='lat' dir='ltr'>quale</span> <span class='ocrx_word' id='word_1_182' title='bbox 1108 1966 1180 2010; x_wconf 90' lang='lat' dir='ltr'>est</span> <span class='ocrx_word' id='word_1_183' title='bbox 1212 1979 1299 2024; x_wconf 89' lang='lat' dir='ltr'>pro</span> <span class='ocrx_word' id='word_1_184' title='bbox 1325 1962 1547 2024; x_wconf 86' lang='lat' dir='ltr'>Ligario:</span> <span class='ocrx_word' id='word_1_185' title='bbox 1582 1958 1748 2010; x_wconf 79' lang='lat' dir='ltr'>‘causa</span> <span class='ocrx_word' id='word_1_186' title='bbox 1778 1964 1885 2009; x_wconf 92' lang='lat' dir='ltr'>tum</span> 
     </span>
     <span class='ocr_line' id='line_1_28' title="bbox 210 2035 1950 2098; baseline -0.001 -16"><span class='ocrx_word' id='word_1_187' title='bbox 210 2036 374 2095; x_wconf 89' lang='lat' dir='ltr'>dubia,</span> <span class='ocrx_word' id='word_1_188' title='bbox 423 2037 552 2097; x_wconf 92' lang='lat' dir='ltr'>quod</span> <span class='ocrx_word' id='word_1_189' title='bbox 592 2040 695 2084; x_wconf 86' lang='lat' dir='ltr'>erat</span> <span class='ocrx_word' id='word_1_190' title='bbox 737 2037 925 2098; x_wconf 89' lang='lat' dir='ltr'>aliquid</span> <span class='ocrx_word' id='word_1_191' title='bbox 963 2038 1013 2083; x_wconf 91' lang='lat' dir='ltr'>in</span> <span class='ocrx_word' id='word_1_192' title='bbox 1053 2040 1260 2097; x_wconf 83' lang='lat' dir='ltr'>utraque</span> <span class='ocrx_word' id='word_1_193' title='bbox 1300 2041 1462 2097; x_wconf 84' lang='lat' dir='ltr'>parte,</span> <span class='ocrx_word' id='word_1_194' title='bbox 1510 2036 1640 2097; x_wconf 90' lang='lat' dir='ltr'>quod</span> <span class='ocrx_word' id='word_1_195' title='bbox 1685 2035 1885 2096; x_wconf 88' lang='lat' dir='ltr'>probari</span> <span class='ocrx_word' id='word_1_196' title='bbox 1909 2050 1950 2081; x_wconf 84' lang='lat'>25</span> 
     </span>
     <span class='ocr_line' id='line_1_29' title="bbox 211 2109 1884 2171; baseline -0.002 -14"><span class='ocrx_word' id='word_1_197' title='bbox 211 2113 396 2171; x_wconf 81' lang='lat' dir='ltr'>posset3</span> <span class='ocrx_word' id='word_1_198' title='bbox 437 2126 564 2157; x_wconf 90' lang='lat' dir='ltr'>nunc</span> <span class='ocrx_word' id='word_1_199' title='bbox 603 2111 777 2158; x_wconf 88' lang='lat' dir='ltr'>melior</span> <span class='ocrx_word' id='word_1_200' title='bbox 816 2127 871 2158; x_wconf 90' lang='lat' dir='ltr'>ea</span> <span class='ocrx_word' id='word_1_201' title='bbox 911 2111 1174 2158; x_wconf 87' lang='lat' dir='ltr'>iudicanda</span> <span class='ocrx_word' id='word_1_202' title='bbox 1215 2116 1301 2168; x_wconf 88' lang='lat' dir='ltr'>est,</span> <span class='ocrx_word' id='word_1_203' title='bbox 1342 2126 1489 2171; x_wconf 91' lang='lat' dir='ltr'>quam</span> <span class='ocrx_word' id='word_1_204' title='bbox 1529 2111 1676 2157; x_wconf 88' lang='lat' dir='ltr'>etiam</span> <span class='ocrx_word' id='word_1_205' title='bbox 1718 2109 1767 2155; x_wconf 90' lang='lat' dir='ltr'>di</span> <span class='ocrx_word' id='word_1_206' title='bbox 1800 2109 1884 2155; x_wconf 88' lang='lat' dir='ltr'>ad-</span> 
     </span>
     <span class='ocr_line' id='line_1_30' title="bbox 210 2180 1884 2244; baseline -0.001 -14"><span class='ocrx_word' id='word_1_207' title='bbox 210 2180 475 2231; x_wconf 85' lang='lat' dir='ltr'>iuverunt.&#39;</span> <span class='ocrx_word' id='word_1_208' title='bbox 502 2184 650 2231; x_wconf 85' lang='lat' dir='ltr'>habet</span> <span class='ocrx_word' id='word_1_209' title='bbox 682 2186 806 2232; x_wconf 86' lang='lat' dir='ltr'>enim</span> <span class='ocrx_word' id='word_1_210' title='bbox 841 2187 1086 2232; x_wconf 86' lang='lat' dir='ltr'>rationem</span> <span class='ocrx_word' id='word_1_211' title='bbox 1113 2188 1159 2231; x_wconf 86' lang='lat' dir='ltr'>et</span> <span class='ocrx_word' id='word_1_212' title='bbox 1186 2184 1585 2244; x_wconf 88' lang='lat' dir='ltr'>propositionem,</span> <span class='ocrx_word' id='word_1_213' title='bbox 1617 2198 1714 2230; x_wconf 94' lang='lat' dir='ltr'>non</span> <span class='ocrx_word' id='word_1_214' title='bbox 1738 2182 1884 2229; x_wconf 89' lang='lat' dir='ltr'>habet</span> 
     </span>
     <span class='ocr_line' id='line_1_31' title="bbox 216 2257 1884 2319; baseline -0.001 -15"><span class='ocrx_word' id='word_1_215' title='bbox 216 2258 596 2305; x_wconf 87' lang='lat' dir='ltr'>conclusionem:</span> <span class='ocrx_word' id='word_1_216' title='bbox 637 2259 707 2304; x_wconf 91' lang='lat' dir='ltr'>ita</span> <span class='ocrx_word' id='word_1_217' title='bbox 748 2262 821 2306; x_wconf 90' lang='lat' dir='ltr'>est</span> <span class='ocrx_word' id='word_1_218' title='bbox 858 2259 942 2304; x_wconf 91' lang='lat' dir='ltr'>ille</span> <span class='ocrx_word' id='word_1_219' title='bbox 983 2259 1282 2318; x_wconf 84' lang='lat' dir='ltr'>inperfectus</span> <span class='ocrx_word' id='word_1_220' title='bbox 1324 2257 1652 2319; x_wconf 88' lang='lat' dir='ltr'>syllogismus.</span> <span class='ocrx_word' id='word_1_221' title='bbox 1701 2272 1758 2302; x_wconf 84' lang='lat' dir='ltr'>ex</span> <span class='ocrx_word' id='word_1_222' title='bbox 1796 2272 1884 2316; x_wconf 89' lang='lat' dir='ltr'>pu-</span> 
     </span>
     <span class='ocr_line' id='line_1_32' title="bbox 211 2329 1883 2394; baseline 0 -18"><span class='ocrx_word' id='word_1_223' title='bbox 211 2331 475 2394; x_wconf 88' lang='lat' dir='ltr'>gnantibus</span> <span class='ocrx_word' id='word_1_224' title='bbox 530 2348 666 2391; x_wconf 75' lang='lat' dir='ltr'>vero,</span> <span class='ocrx_word' id='word_1_225' title='bbox 721 2332 851 2392; x_wconf 86' lang='lat' dir='ltr'>quod</span> <span class='ocrx_word' id='word_1_226' title='bbox 907 2334 1055 2378; x_wconf 88' lang='lat' dir='ltr'>etiam</span> <span class='ocrx_word' id='word_1_227' title='bbox 1107 2332 1265 2378; x_wconf 86' lang='lat' dir='ltr'>solum</span> <span class='ocrx_word' id='word_1_228' title='bbox 1320 2331 1632 2391; x_wconf 88' lang='lat' dir='ltr'>enthymema</span> <span class='ocrx_word' id='word_1_229' title='bbox 1682 2329 1883 2390; x_wconf 87' lang='lat' dir='ltr'>quidam</span> 
     </span>
     <span class='ocr_line' id='line_1_33' title="bbox 211 2403 1949 2466; baseline -0.002 -15"><span class='ocrx_word' id='word_1_230' title='bbox 211 2409 404 2463; x_wconf 89' lang='lat' dir='ltr'>vocant,</span> <span class='ocrx_word' id='word_1_231' title='bbox 443 2406 619 2452; x_wconf 85' lang='lat' dir='ltr'>fortior</span> <span class='ocrx_word' id='word_1_232' title='bbox 656 2406 812 2452; x_wconf 91' lang='lat' dir='ltr'>multo</span> <span class='ocrx_word' id='word_1_233' title='bbox 852 2405 1079 2466; x_wconf 86' lang='lat' dir='ltr'>probatio</span> <span class='ocrx_word' id='word_1_234' title='bbox 1121 2410 1205 2452; x_wconf 90' lang='lat' dir='ltr'>est.</span> <span class='ocrx_word' id='word_1_235' title='bbox 1254 2405 1354 2451; x_wconf 88' lang='lat' dir='ltr'>tale</span> <span class='ocrx_word' id='word_1_236' title='bbox 1395 2407 1467 2451; x_wconf 92' lang='lat' dir='ltr'>est</span> <span class='ocrx_word' id='word_1_237' title='bbox 1508 2403 1755 2451; x_wconf 86' lang='lat' dir='ltr'>Ciceronis</span> <span class='ocrx_word' id='word_1_238' title='bbox 1794 2417 1881 2463; x_wconf 87' lang='lat' dir='ltr'>pro</span> <span class='ocrx_word' id='word_1_239' title='bbox 1907 2418 1949 2449; x_wconf 86' lang='lat'>30</span> 
     </span>
    </p>
   </div>
   <div class='ocr_carea' id='block_1_11' title="bbox 209 2520 563 2525">
    <p class='ocr_par' dir='ltr' id='par_1_11' title="bbox 209 2520 563 2525">
     <span class='ocr_line' id='line_1_34' title="bbox 209 2520 563 2525; baseline 0 0"><span class='ocrx_word' id='word_1_240' title='bbox 209 2520 563 2525; x_wconf 95' lang='lat' dir='ltr'> </span> 
     </span>
    </p>
   </div>
   <div class='ocr_carea' id='block_1_12' title="bbox 331 2579 1027 2628">
    <p class='ocr_par' dir='ltr' id='par_1_12' title="bbox 331 2579 1027 2628">
     <span class='ocr_line' id='line_1_35' title="bbox 331 2579 1027 2628; baseline -0.003 -10"><span class='ocrx_word' id='word_1_241' title='bbox 331 2579 1027 2628; x_wconf 71' lang='lat'>2406‚19—30029‚79</span> 
     </span>
    </p>
   </div>
   <div class='ocr_carea' id='block_1_13' title="bbox 210 2683 336 2686">
    <p class='ocr_par' dir='ltr' id='par_1_13' title="bbox 210 2683 336 2686">
     <span class='ocr_line' id='line_1_36' title="bbox 210 2683 336 2686; baseline 0 0"><span class='ocrx_word' id='word_1_242' title='bbox 210 2683 336 2686; x_wconf 95' lang='lat' dir='ltr'> </span> 
     </span>
    </p>
   </div>
   <div class='ocr_carea' id='block_1_14' title="bbox 212 2734 1886 2911">
    <p class='ocr_par' dir='ltr' id='par_1_14' title="bbox 212 2734 1886 2911">
     <span class='ocr_line' id='line_1_37' title="bbox 330 2734 1764 2792; baseline -0.001 -14"><span class='ocrx_word' id='word_1_243' title='bbox 330 2742 353 2778; x_wconf 74' lang='lat'><strong>2</strong></span> <span class='ocrx_word' id='word_1_244' title='bbox 389 2737 640 2791; x_wconf 83' lang='lat' dir='ltr'>aliquando</span> <span class='ocrx_word' id='word_1_245' title='bbox 673 2752 743 2780; x_wconf 86' lang='lat' dir='ltr'>om</span> <span class='ocrx_word' id='word_1_246' title='bbox 774 2746 841 2778; x_wconf 70' lang='lat' dir='ltr'>Ab</span> <span class='ocrx_word' id='word_1_247' title='bbox 993 2741 1017 2778; x_wconf 90' lang='grc'><strong>6</strong></span> <span class='ocrx_word' id='word_1_248' title='bbox 1052 2736 1246 2792; x_wconf 88' lang='lat' dir='ltr'>singulis</span> <span class='ocrx_word' id='word_1_249' title='bbox 1280 2744 1314 2777; x_wconf 70' lang='lat' dir='ltr'><em>A</em></span> <span class='ocrx_word' id='word_1_250' title='bbox 1497 2739 1520 2777; x_wconf 87' lang='grc'>9</span> <span class='ocrx_word' id='word_1_251' title='bbox 1555 2734 1696 2777; x_wconf 87' lang='lat' dir='ltr'>medii</span> <span class='ocrx_word' id='word_1_252' title='bbox 1729 2742 1764 2775; x_wconf 71' lang='lat'>,1</span> 
     </span>
     <span class='ocr_line' id='line_1_38' title="bbox 212 2794 1881 2852; baseline -0.002 -15"><span class='ocrx_word' id='word_1_253' title='bbox 212 2799 266 2838; x_wconf 88' lang='grc'>10</span> <span class='ocrx_word' id='word_1_254' title='bbox 298 2795 413 2838; x_wconf 86' lang='lat' dir='ltr'>haec</span> <span class='ocrx_word' id='word_1_255' title='bbox 447 2796 664 2839; x_wconf 87' lang='lat' dir='ltr'>accidunt</span> <span class='ocrx_word' id='word_1_256' title='bbox 695 2796 766 2838; x_wconf 85' lang='lat' dir='ltr'>his</span> <span class='ocrx_word' id='word_1_257' title='bbox 801 2797 880 2852; x_wconf 89' lang='lat' dir='ltr'>qui</span> <span class='ocrx_word' id='word_1_258' title='bbox 904 2795 1199 2851; x_wconf 87' lang='lat' dir='ltr'>praecipiunt</span> <span class='ocrx_word' id='word_1_259' title='bbox 1237 2795 1327 2850; x_wconf 84' lang='lat' dir='ltr'>ipsi</span> <span class='ocrx_word' id='word_1_260' title='bbox 1355 2802 1390 2835; x_wconf 71' lang='grc' dir='ltr'><strong><em>Α</em></strong></span> <span class='ocrx_word' id='word_1_261' title='bbox 1408 2795 1583 2849; x_wconf 80' lang='lat' dir='ltr'>partim</span> <span class='ocrx_word' id='word_1_262' title='bbox 1614 2794 1664 2836; x_wconf 70' lang='lat' dir='ltr'>i‘n</span> <span class='ocrx_word' id='word_1_263' title='bbox 1689 2807 1766 2836; x_wconf 83' lang='lat' dir='ltr'>ras</span> <span class='ocrx_word' id='word_1_264' title='bbox 1791 2807 1827 2835; x_wconf 85' lang='lat' dir='ltr'>m</span> <span class='ocrx_word' id='word_1_265' title='bbox 1858 2798 1881 2834; x_wconf 84' lang='lat'><strong>2</strong></span> 
     </span>
     <span class='ocr_line' id='line_1_39' title="bbox 331 2852 1886 2911; baseline -0.002 -14"><span class='ocrx_word' id='word_1_266' title='bbox 331 2859 384 2897; x_wconf 80' lang='lat'>24</span> <span class='ocrx_word' id='word_1_267' title='bbox 418 2855 553 2910; x_wconf 89' lang='lat' dir='ltr'>quale</span> <span class='ocrx_word' id='word_1_268' title='bbox 587 2863 690 2898; x_wconf 84' lang='lat' dir='ltr'>BP:</span> <span class='ocrx_word' id='word_1_269' title='bbox 725 2868 813 2910; x_wconf 93' lang='lat' dir='ltr'>que</span> <span class='ocrx_word' id='word_1_270' title='bbox 845 2863 882 2896; x_wconf 74' lang='lat' dir='ltr'><em>A</em></span> <span class='ocrx_word' id='word_1_271' title='bbox 910 2858 916 2911; x_wconf 82' lang='grc' dir='ltr'>Ι</span> <span class='ocrx_word' id='word_1_272' title='bbox 945 2857 1014 2897; x_wconf 90' lang='lat' dir='ltr'>est</span> <span class='ocrx_word' id='word_1_273' title='bbox 1039 2869 1108 2898; x_wconf 87' lang='lat' dir='ltr'>om</span> <span class='ocrx_word' id='word_1_274' title='bbox 1132 2862 1220 2896; x_wconf 85' lang='lat' dir='ltr'>BP</span> <span class='ocrx_word' id='word_1_275' title='bbox 1339 2858 1390 2895; x_wconf 71' lang='lat'>27</span> <span class='ocrx_word' id='word_1_276' title='bbox 1425 2852 1652 2896; x_wconf 83' lang='lat' dir='ltr'>rationem</span> <span class='ocrx_word' id='word_1_277' title='bbox 1679 2853 1725 2894; x_wconf 90' lang='lat' dir='ltr'>et</span> <span class='ocrx_word' id='word_1_278' title='bbox 1748 2865 1817 2895; x_wconf 83' lang='lat' dir='ltr'>om</span> <span class='ocrx_word' id='word_1_279' title='bbox 1841 2859 1886 2894; x_wconf 85' lang='lat' dir='ltr'><em>B</em></span> 
     </span>
    </p>
   </div>
  </div>
 </body>
</html>
