2055 3130
236 57 345 110 280
744 57 1118 110 QVINTILIANI
1145 57 1295 101 INST.
1330 58 1422 102 ΟΒ.

239 200 312 244 est
337 197 399 244 ad
423 196 588 244 decem
605 200 800 243 centum
823 197 981 243 simile
1008 198 1158 244 certe:
1184 199 1258 243 est
1290 200 1351 255 et,
1375 199 1431 243 ut
1453 196 1623 256 hostis,
1649 197 1718 245 sic
1747 199 1904 246 malus

239 272 374 317 civis.
428 285 728 330 quamquam
765 269 884 316 haec
930 269 1136 316 ulterius
1184 285 1376 330 quoque
1422 270 1680 330 procedere
1727 271 1903 318 solent:

241 340 303 391 ‘si
340 344 499 403 turpis
540 343 765 389 dominae
804 342 1102 390 consuetudo
1141 358 1251 389 cum
1299 358 1452 397 servo,
1501 345 1661 404 turpis
1708 344 1905 392 domino

242 433 352 464 cum
392 416 593 462 ancilla:
634 417 676 462 si
713 417 864 462 mutis
905 415 1198 463 animalibus
1236 415 1346 462 finis
1377 417 1622 477 voluptas,
1661 416 1793 464 idem
1822 417 1905 465 ho-

152 497 215 541 35
240 485 396 536 mini'.
450 490 529 535 cui
565 490 636 535 rei
674 489 909 536 facillime
950 491 1160 535 occurrit
1199 504 1254 536 ex
1294 489 1611 536 dissimilibus
1652 505 1906 553 argumen—
1953 506 1973 538 5

237 565 385 610 tatio:
435 558 552 608 ‘non
590 562 719 608 idem
761 564 835 609 est
873 562 1126 609 dominum
1165 577 1273 608 cum
1322 563 1503 609 ancilla
1549 564 1721 623 coisse,
1779 563 1908 624 quod

239 636 488 682 dominam
528 649 634 682 cum
677 650 829 695 servo,
880 651 981 695 nee,
1032 636 1075 682 si
1112 635 1262 683 mutis
1313 635 1423 682 finis
1462 637 1705 696 voluptas,
1757 638 1908 684 ratio-

237 709 432 755 nalibus
467 704 700 769 quoque’:
733 708 882 755 immo
916 725 970 755 ex
1004 710 1272 756 contrario:
1305 704 1443 769 ‘quia
1474 710 1639 769 mutis,
1670 709 1779 756 ideo
1812 725 1909 756 non

238 777 602 829 rationalibus’.

155 863 218 907 36
354 854 684 901 Adhibebitur
723 854 1017 902 extrinsecus
1056 856 1110 901 in
1149 870 1349 902 causam
1390 858 1438 902 et
1469 856 1751 903 auctoritas.
1789 855 1911 902 haec
1935 872 1978 903 10

241 931 395 976 secuti
444 927 669 987 Graecos,
720 943 749 975 a
800 928 976 989 quibus
1032 928 1210 991 κρίσεις
1267 929 1507 988 dicuntur,
1581 929 1764 976 iudicia
1825 931 1912 976 aut

239 1002 562 1049 iudicationes
602 1004 794 1061 vocant,
833 999 1000 1064 <non>
1039 1002 1097 1048 de
1138 1001 1314 1062 quibus
1355 1019 1410 1049 ex
1450 1018 1596 1050 causa
1636 1003 1768 1049 dicta
1806 1018 1911 1050 sen-

239 1076 399 1123 tentia
438 1077 512 1122 est
551 1068 688 1140 (nam
729 1091 785 1122 ea
826 1075 1022 1135 quidem
1061 1076 1111 1121 in
1147 1076 1478 1136 exemplorum
1509 1076 1670 1123 locum
1695 1069 1912 1140 cedunt),

241 1149 325 1196 sed
364 1151 406 1196 si
445 1148 563 1210 quid
602 1150 675 1196 ita
714 1149 872 1196 visum
912 1148 1154 1210 gentibus,
1194 1149 1405 1210 populis,
1445 1149 1746 1210 sapientibus
1778 1149 1913 1208 viris,

154 1230 215 1274 37
244 1223 388 1270 claris
429 1223 631 1281 civibus,
678 1222 965 1269 inlustribus
1013 1224 1170 1282 poetis
1218 1222 1389 1268 referri
1441 1225 1618 1283 potest.
1679 1238 1738 1269 ne
1792 1223 1913 1270 haec
1937 1238 1979 1269 15
2043 1265 2045 1273 .

242 1295 440 1357 quidem
479 1297 626 1358 vulgo
668 1296 797 1342 dicta
845 1298 893 1342 et
931 1300 1127 1356 recepta
1173 1296 1485 1356 persuasione
1531 1296 1763 1357 populari
1809 1298 1912 1344 sine

240 1385 332 1416 usu
371 1369 568 1416 fuerint.
620 1369 902 1416 testimonia
942 1373 1055 1416 sunt
1093 1371 1221 1415 enim
1263 1369 1473 1429 quodam
1512 1370 1657 1416 modo
1703 1370 1783 1417 vel
1828 1385 1912 1430 po-

242 1444 457 1490 tentiora
497 1443 660 1501 etiam,
712 1442 842 1503 quod
881 1458 977 1488 non
1028 1443 1186 1489 causis
1227 1442 1600 1490 adcommodata
1647 1445 1776 1501 sunt,
1830 1443 1914 1489 sed

241 1516 409 1563 liberis
451 1516 562 1563 odio
603 1520 649 1562 et
690 1518 853 1578 gratia
899 1515 1143 1562 mentibus
1182 1516 1290 1562 ideo
1338 1520 1535 1562 tantum
1583 1516 1713 1563 dicta
1760 1517 1914 1563 facta·
2053 1530 2055 1590 4

155 1597 216 1641 38
248 1606 355 1650 que,
397 1591 513 1650 quia
554 1593 639 1636 aut
677 1590 1020 1637 honestissima
1060 1593 1144 1636 aut
1184 1591 1438 1636 verissima
1485 1590 1789 1637 videbantur.
1853 1605 1915 1636 an
1940 1605 1983 1636 ρο
2054 1604 2055 1647 ;

243 1679 357 1710 vero
397 1679 473 1710 me
513 1663 570 1709 de
610 1663 929 1710 incommodis
970 1665 1101 1710 vitae
1153 1663 1468 1710 disserentem
1517 1679 1615 1710 non
1661 1663 1916 1710 adiuvabit
2054 1649 2055 1661 ¹

244 1753 411 1784 earum
457 1737 710 1797 persuasio
761 1739 1032 1795 nationum,
1086 1753 1208 1797 quae
1260 1736 1454 1784 fletibus
1505 1739 1661 1797 natos,
1722 1737 1917 1784 laetitia

244 1811 498 1858 defunctos
552 1808 948 1871 prosequuntur?
1003 1815 1090 1857 aut
1143 1812 1185 1858 si
1238 1810 1620 1857 misericordiam
1676 1826 1915 1857 commen·

244 1883 370 1931 dabo
420 1883 597 1942 iudici,
647 1884 770 1930 nihil
820 1884 1059 1944 proderit,
1123 1884 1252 1944 quod
1309 1884 1690 1945 prudentissima
1741 1885 1916 1931 civitas

244 1957 617 2005 Atheniensium
659 1974 754 2004 non
795 1974 901 2004 eam
940 1974 1030 2018 pro
1072 1957 1280 2015 adfectu,
1320 1958 1403 2004 sed
1435 1973 1522 2019 pro
1554 1958 1750 2004 numine
1784 1971 1914 2005 acce·
1941 1972 1982 2004 25

155 2038 218 2082 39
243 2029 351 2092 pit‘?
390 2034 490 2077 iam
527 2031 615 2077 illa
648 2034 834 2091 septem
865 2036 1126 2092 praecepta
1158 2033 1455 2091 sapientium
1487 2047 1645 2078 nonne
1679 2030 1917 2092 quasdam

245 2106 378 2151 vitae
404 2105 533 2167 leges
568 2103 934 2152 existimamus?
976 2106 1017 2151 si
1043 2120 1238 2151 causam
1264 2104 1484 2152 veneficii
1523 2104 1654 2151 dicat
1679 2104 1917 2162 adultera,

246 2194 343 2224 non
383 2178 445 2225 M.
490 2177 689 2225 Catonis
729 2179 910 2224 iudicio
963 2178 1241 2225 damnanda
1286 2179 1535 2236 videatur,
1591 2178 1675 2238 qui
1729 2171 1916 2224 nullam

247 2252 520 2298 adulteram
559 2267 656 2298 non
697 2253 899 2299 eandem
939 2267 1039 2299 esse
1080 2251 1344 2298 veneficam
1384 2250 1542 2298 dixit?
1579 2268 1692 2299 nam
1725 2253 1917 2298 senten-

2036 889 2045 995 Ξ,

2040 1010 2045 1082 1

365 2412 420 2448 22
452 2406 712 2450 Herodotus
746 2407 785 2449 V
817 2413 843 2450 4
878 2434 930 2438 —
966 2412 1019 2450 ‘28
1054 2410 1165 2450 orat.
1199 2407 1285 2463 frg.
1319 2406 1406 2449 inc.
1442 2412 1465 2449 6
1498 2406 1621 2449 Jord.

369 2560 389 2596 1
426 2555 514 2611 est]
548 2557 594 2596 et
625 2555 732 2598 12·er
763 2555 814 2607 cf
837 2554 898 2595 HI
933 2559 969 2606 7,
1005 2559 1028 2596 6
1062 2555 1128 2596 ita
1159 2555 1383 2610 Spalding]
1411 2556 1415 2608 l
1453 2554 1610 2597 decem
1642 2553 1700 2595 ad
1733 2555 1918 2595 centum

249 2621 353 2655 Pab
489 2618 513 2655 3
548 2613 723 2656 domini
755 2627 809 2656 ex
835 2613 1018 2655 domino
1053 2627 1128 2656 ras
1161 2621 1203 2655 P
1353 2618 1374 2654 7
1409 2613 1511 2655 finis
1544 2627 1614 2656 om
1644 2620 1680 2653 A
1802 2617 1854 2654 11
1889 2625 1917 2653 a

249 2672 417 2727 quibus
443 2670 610 2725 κρίσεις
642 2673 859 2714 dicuntur
890 2679 978 2713 BP
1006 2670 1174 2723 κρίσεις
1199 2672 1415 2714 dicuntur
1438 2680 1475 2713 A
1500 2672 1580 2725 qui
1604 2688 1672 2726 κρ.
1700 2670 1861 2713 dicunt
1884 2687 1916 2711 a

247 2732 438 2787 ylossam
464 2737 578 2786 puto
700 2736 752 2773 12
785 2745 877 2773 non
909 2731 1001 2773 add
1034 2732 1203 2787 Reyz'us
1326 2735 1378 2773 14
1411 2730 1450 2772 si
1475 2744 1543 2773 om
1567 2738 1603 2771 A
1756 2733 1808 2772 18
1842 2742 1915 2771 ac-

250 2790 541 2832 commodata
574 2794 681 2832 sunt
712 2790 960 2846 Spaldiny:
992 2789 1407 2832 accommodatisA
1439 2788 1795 2832 adcommodata
1817 2795 1922 2838 B‚P

250 2850 385 2905 (‘acc—)
507 2852 560 2891 28
594 2849 814 2891 damnata
847 2848 1027 2890 videtur
1057 2856 1144 2890 BP
1261 2854 1314 2890 ‘29
1347 2861 1455 2890 nam
1487 2857 1543 2891 A:
1576 2847 1670 2890 iam
1700 2854 1789 2889 BP
