2055 3130
224 37 333 89 200
728 37 1100 90 QVINTILIANI
1129 37 1279 82 INST.
1314 37 1407 82 ΟΒ.

224 176 523 236 nominatus,
575 178 624 223 et
667 175 960 235 futurorum,
1024 191 1150 236 quae
1197 176 1311 224 solis
1359 176 1466 223 dari
1511 177 1894 225 vaticinantibus

224 252 408 310 potest:
458 265 571 295 nam
612 246 924 305 ὑποτύπωσις
974 264 1072 296 11011
1123 252 1195 296 est
1244 249 1469 297 habenda
1521 252 1753 298 narratio.
1809 251 1894 298 sed

225 338 313 370 nos
351 322 624 383 potioribus
662 337 903 369 vacemus.

175 401 207 446 4
341 395 571 456 Plerique
611 410 801 456 semper
839 395 1137 441 narrandum
1174 398 1495 456 putaverunt:
1547 396 1679 457 quod
1716 396 1897 443 falsum

229 483 330 516 esse
370 469 593 529 pluribus
633 469 930 529 coarguitur.
983 471 1100 515 sunt
1138 469 1267 515 enim
1307 472 1419 515 ante
1454 470 1617 516 omnia
1656 469 1897 530 quaedam

225 544 330 588 tam
369 541 538 588 breves
579 556 767 600 causae,
806 544 865 588 ut
895 542 1282 602 propositionem
1312 543 1476 602 potius
1508 542 1724 589 habeant
1747 559 1896 603 quam

172 622 199 665 5
227 615 572 661 narrationem.
623 615 675 660 id
715 614 894 661 accidit
934 614 1198 676 aliquando
1237 616 1432 676 utrique
1472 615 1617 677 parti,
1669 630 1780 662 cum
1817 616 1897 663 vel

226 688 366 734 nulla
406 688 644 748 expositio
686 690 772 746 est,
819 688 897 734 vel
937 688 994 734 de
1033 704 1084 735 re
1124 690 1335 747 constat,
1382 688 1439 735 de
1486 689 1590 735 iure
1631 688 1897 750 quaeritur,

226 764 284 807 ut
324 761 455 821 apud
495 763 843 808 centumviros:
898 757 1045 808 ‘filius
1085 776 1148 808 an
1194 762 1348 808 frater
1398 761 1573 808 debeat
1624 777 1725 808 esse
1774 763 1898 808 inte-

228 837 387 881 statae
433 830 606 894 heres',
662 831 912 894 ‘pubertas
965 836 1104 882 annis
1155 850 1217 881 an
1267 835 1441 881 habitu
1487 837 1702 896 corporis
1753 836 1898 882 aesti-
1924 852 1967 883 10

226 903 430 954 metur’:
480 910 565 954 aut
605 923 715 954 cum
754 911 828 954 est
868 907 1065 968 quidem
1103 908 1155 954 in
1201 924 1252 954 re
1299 909 1573 955 narrationi
1619 909 1769 968 100115,
1815 908 1900 955 sed

230 984 314 1028 aut
355 983 468 1027 ante
507 981 658 1027 iudici
689 985 807 1029 nota
846 984 959 1028 sunt
999 981 1163 1028 omnia
1203 985 1291 1027 aut
1329 983 1489 1043 priore
1521 983 1627 1029 loco
1659 985 1789 1029 recte
1821 997 1900 1028 ex-

171 1062 200 1105 6
227 1056 402 1116 posita.
446 1054 625 1101 accidit
665 1054 929 1115 aliquando
971 1055 1128 1113 alteri,
1168 1058 1216 1101 et
1255 1055 1448 1115 saepius
1490 1055 1549 1102 ab
1591 1058 1768 1115 actore,
1817 1055 1897 1102 vel

230 1128 347 1188 quia
386 1129 505 1174 satis
547 1131 620 1175 est
659 1144 929 1189 proponere
969 1129 1048 1174 vel
1087 1129 1204 1188 quia
1244 1129 1311 1175 sic
1343 1129 1500 1190 magis
1534 1129 1739 1189 expedit.
1779 1129 1900 1175 satis

229 1204 302 1248 est
327 1201 526 1248 dixisse:
568 1197 770 1248 ‘certam
804 1201 1039 1248 creditam
1063 1202 1322 1261 pecuniam
1346 1205 1460 1262 peto
1487 1218 1543 1248 ex
1567 1201 1901 1262 stipulatione,
1927 1217 1968 1249 15

229 1275 445 1336 legatum
485 1277 600 1335 peto
642 1290 697 1320 ex
728 1270 1057 1322 testamento’.
1099 1274 1317 1322 diversae
1349 1275 1505 1336 partis
1539 1277 1776 1336 expositio
1811 1278 1898 1333 est,

177 1355 200 1398 'a'
229 1363 314 1395 cur
353 1364 410 1394 ea
448 1364 546 1394 non
585 1348 864 1395 debeantur.
907 1351 955 1394 et
993 1348 1113 1394 satis
1154 1351 1227 1395 est
1259 1350 1414 1396 actori
1445 1352 1492 1395 et
1517 1350 1674 1410 magis
1708 1347 1903 1408 expedit

229 1423 298 1469 sic
336 1421 573 1468 indicare:
617 1418 742 1468 ‘dico
785 1421 843 1467 ab
884 1421 1092 1468 Horatio
1133 1436 1346 1469 sororem
1387 1437 1525 1468 suam
1555 1417 1901 1469 interfectam'.

230 1510 440 1556 namque
496 1511 553 1542 ex
606 1496 939 1556 propositione
995 1494 1139 1540 iudex
1201 1495 1383 1542 crimen
1437 1511 1577 1542 omne
1640 1494 1903 1558 cognoscit,

173 1575 200 1618 S
231 1571 279 1615 et
326 1568 442 1616 ordo
492 1574 540 1615 et
594 1584 741 1616 causa
795 1569 914 1614 facti
964 1584 1051 1629 pro
1108 1568 1386 1615 adversario
1440 1569 1596 1631 magis
1652 1571 1738 1616 est.
1790 1583 1900 1616 reus
1926 1585 1969 1616 20

232 1645 401 1688 contra
439 1647 559 1688 tunc
598 1643 931 1688 narrationem
963 1641 1223 1700 subtrahit,
1266 1657 1373 1688 cum
1404 1642 1470 1701 id,
1511 1641 1641 1703 quod
1681 1641 1904 1702 obicitur,

230 1731 385 1775 neque
441 1718 611 1777 negari
665 1731 821 1775 neque
874 1716 1091 1762 excusari
1144 1718 1328 1776 potest,
1384 1716 1466 1762 sed
1519 1716 1572 1762 in
1626 1716 1730 1762 sola
1781 1715 1904 1761 iuris

231 1789 516 1849 quaestione
565 1789 799 1836 consistit.
849 1794 904 1835 ut
943 1791 993 1835 in
1036 1805 1105 1848 eo,
1146 1789 1244 1850 qui,
1292 1805 1402 1835 cum
1442 1790 1701 1850 pecuniam
1739 1790 1904 1849 priva-

229 1866 335 1908 tam
389 1878 446 1909 ex
502 1862 617 1909 aede
673 1878 810 1909 sacra
858 1862 1125 1923 subripuit,
1180 1863 1424 1924 sacrilegii
1473 1878 1583 1910 reus
1637 1865 1724 1921 est,
1793 1877 1904 1909 con-

231 1936 377 1983 fessio
417 1936 735 1983 verecundior
775 1940 847 1982 est
888 1952 1038 1996 quam
1078 1936 1339 1996 expositio:
1390 1932 1505 1982 ‘non
1543 1951 1779 1998 negamus
1818 1951 1898 1996 pe·
1925 1951 1968 1983 ‘25

233 2010 428 2056 cuniam
461 2009 518 2056 de
557 2011 740 2070 templo
767 2025 868 2056 esse
896 2009 1155 2067 sublatam,
1197 2009 1524 2056 calumniatur
1561 2013 1727 2056 tamen
1763 2023 1904 2056 accu-

233 2085 368 2129 sator
420 2084 610 2129 actione
661 2083 920 2145 saeiilegii,
973 2098 1080 2129 cum
1130 2084 1327 2144 privata
1377 2083 1541 2142 fuerit,
1592 2098 1688 2130 non
1739 2097 1902 2130 sacra:

232 2171 318 2203 vos
371 2159 536 2203 autem
591 2156 648 2202 de
703 2157 793 2203 hoc
849 2158 1163 2218 cognoscetis,
1227 2173 1287 2202 an
1342 2155 1652 2218 sacrilegium
1706 2155 1770 2203 sit
1820 2155 1902 2202 ad-

234 2226 470 2276 missum'.

177 2310 206 2352 9
346 2301 439 2349 Sed
500 2305 555 2348 ut
614 2303 701 2350 has
757 2303 1023 2364 aliquando
1086 2320 1183 2351 non
1244 2302 1476 2349 narrandi
1537 2317 1706 2349 causas
1768 2304 1904 2363 puto,
1929 2319 1973 2350 30

235 2377 303 2423 sic
367 2376 426 2422 ab
482 2376 582 2422 illis
641 2376 894 2435 dissentio,
966 2377 1053 2437 qui
1117 2393 1215 2424 non
1269 2391 1370 2423 esse
1433 2375 1732 2435 existiment,
1794 2391 1904 2422 cum

354 2492 377 2529 2
412 2488 492 2530 5οἀ
525 2502 593 2531 om
624 2495 713 2529 BP
862 2492 911 2530 11
945 2487 994 2529 in
1025 2488 1092 2544 re]
1125 2486 1222 2530 iure
1256 2487 1318 2529 Pl
1349 2500 1419 2530 om
1449 2488 1524 2543 ΒΙ
1557 2485 1836 2529 narrationis
1867 2493 1903 2526 Δ

355 2551 408 2588 16
439 2546 647 2602 legatum
679 2559 747 2589 om
779 2553 823 2588 Β
965 2550 1016 2588 19
1051 2560 1105 2589 ex
1137 2553 1241 2588 PX:
1277 2548 1322 2589 et
1353 2553 1437 2588 AB
1462 2548 1466 2600 1
1496 2545 1710 2602 cognovit
1739 2553 1784 2587 Β

236 2610 289 2647 21
325 2605 556 2648 subtrahit
586 2612 675 2647 BP
713 2605 767 2647 Vt
794 2619 826 2659 p
858 2609 963 2648 425:
1010 2604 1251 2648 subtrahet
1282 2613 1317 2646 A
1469 2610 1522 2646 22
1562 2606 1717 2660 potest
1748 2611 1792 2646 P
1827 2603 1907 2645 Vt.-

234 2664 408 2719 poterit
438 2672 522 2705 AB
670 2667 724 2705 23
759 2663 970 2706 consistit
1002 2671 1045 2705 P
1083 2664 1158 2706 Vt:
1198 2664 1418 2706 consistet
1449 2671 1533 2705 AB
1680 2668 1735 2705 24
1767 2661 1903 2705 surri-

235 2722 340 2777 puit
372 2730 416 2764 P
454 2723 529 2765 Vt:
569 2722 851 2777 subripuerit
889 2730 973 2764 ΑΒ
1105 2726 1159 2764 28
1194 2722 1471 2778 cognoscitis
1512 2729 1600 2763 BP
1728 2725 1779 2763 31
1813 2733 1904 2762 non

237 2794 335 2823 esse
382 2781 647 2824 existiment
682 2789 742 2823 B:
791 2795 832 2823 n.
868 2780 1137 2823 existimant
1170 2794 1205 2824 e.
1242 2781 1554 2824 narrationem
1585 2788 1653 2822 Ab
1683 2794 1775 2823 non
1808 2793 1906 2822 esse

236 2840 520 2882 narrandum
553 2839 818 2883 existiment
853 2848 896 2881 P
