<?xml version="1.0" encoding="UTF-8"?>
<!DOCTYPE html PUBLIC "-//W3C//DTD XHTML 1.0 Transitional//EN"
    "http://www.w3.org/TR/xhtml1/DTD/xhtml1-transitional.dtd">
<html xmlns="http://www.w3.org/1999/xhtml" xml:lang="en" lang="en">
 <head>
  <title>
</title>
<meta http-equiv="Content-Type" content="text/html;charset=utf-8" />
  <meta name='ocr-system' content='tesseract 3.04.00' />
  <meta name='ocr-capabilities' content='ocr_page ocr_carea ocr_par ocr_line ocrx_word'/>
</head>
<body>
  <div class='ocr_page' id='page_1' title='image "./institvtionisora00quinuoft/institvtionisora00quinuoft_0365.png"; bbox 0 0 2012 3151; ppageno 0'>
   <div class='ocr_carea' id='block_1_1' title="bbox 47 887 87 917">
    <p class='ocr_par' dir='ltr' id='par_1_1' title="bbox 47 887 87 917">
     <span class='ocr_line' id='line_1_1' title="bbox 47 887 87 917; baseline 0 0"><span class='ocrx_word' id='word_1_1' title='bbox 47 887 87 917; x_wconf 90' lang='lat'>10</span> 
     </span>
    </p>
   </div>
   <div class='ocr_carea' id='block_1_2' title="bbox 46 1628 88 1658">
    <p class='ocr_par' dir='ltr' id='par_1_2' title="bbox 46 1628 88 1658">
     <span class='ocr_line' id='line_1_2' title="bbox 46 1628 88 1658; baseline 0 0"><span class='ocrx_word' id='word_1_2' title='bbox 46 1628 88 1658; x_wconf 84' lang='lat'>20</span> 
     </span>
    </p>
   </div>
   <div class='ocr_carea' id='block_1_3' title="bbox 765 64 1795 119">
    <p class='ocr_par' dir='ltr' id='par_1_3' title="bbox 765 64 1795 119">
     <span class='ocr_line' id='line_1_3' title="bbox 765 64 1795 119; baseline 0.01 -13"><span class='ocrx_word' id='word_1_3' title='bbox 765 64 840 107; x_wconf 85' lang='lat' dir='ltr'>VI.</span> <span class='ocrx_word' id='word_1_4' title='bbox 876 69 916 119; x_wconf 89' lang='lat'>3,</span> <span class='ocrx_word' id='word_1_5' title='bbox 951 67 1136 107; x_wconf 84' lang='lat'><strong>78—89.</strong></span> <span class='ocrx_word' id='word_1_6' title='bbox 1689 64 1795 116; x_wconf 79' lang='lat'>345</span> 
     </span>
    </p>
   </div>
   <div class='ocr_carea' id='block_1_4' title="bbox 111 202 1889 1225">
    <p class='ocr_par' dir='ltr' id='par_1_4' title="bbox 111 202 1889 1225">
     <span class='ocr_line' id='line_1_4' title="bbox 226 202 1889 268; baseline -0.003 -16"><span class='ocrx_word' id='word_1_7' title='bbox 226 205 457 267; x_wconf 73' lang='lat' dir='ltr'>Superest</span> <span class='ocrx_word' id='word_1_8' title='bbox 498 220 649 268; x_wconf 89' lang='lat' dir='ltr'>genus</span> <span class='ocrx_word' id='word_1_9' title='bbox 690 203 966 265; x_wconf 90' lang='lat' dir='ltr'>decipiendi</span> <span class='ocrx_word' id='word_1_10' title='bbox 1007 204 1289 263; x_wconf 81' lang='lat' dir='ltr'>opinionem</span> <span class='ocrx_word' id='word_1_11' title='bbox 1338 204 1426 250; x_wconf 89' lang='lat' dir='ltr'>aut</span> <span class='ocrx_word' id='word_1_12' title='bbox 1472 202 1606 250; x_wconf 89' lang='lat' dir='ltr'>dicta</span> <span class='ocrx_word' id='word_1_13' title='bbox 1653 203 1797 250; x_wconf 88' lang='lat' dir='ltr'>aliter</span> <span class='ocrx_word' id='word_1_14' title='bbox 1823 203 1889 247; x_wconf 76' lang='lat'>84</span> 
     </span>
     <span class='ocr_line' id='line_1_5' title="bbox 112 276 1796 341; baseline -0.002 -15"><span class='ocrx_word' id='word_1_15' title='bbox 112 279 447 341; x_wconf 86' lang='lat' dir='ltr'>intellegendi,</span> <span class='ocrx_word' id='word_1_16' title='bbox 488 295 611 339; x_wconf 84' lang='lat' dir='ltr'>quae</span> <span class='ocrx_word' id='word_1_17' title='bbox 654 280 767 325; x_wconf 93' lang='lat' dir='ltr'>sunt</span> <span class='ocrx_word' id='word_1_18' title='bbox 805 279 858 324; x_wconf 93' lang='lat' dir='ltr'>in</span> <span class='ocrx_word' id='word_1_19' title='bbox 899 278 1034 324; x_wconf 91' lang='lat' dir='ltr'>omni</span> <span class='ocrx_word' id='word_1_20' title='bbox 1071 276 1164 323; x_wconf 90' lang='lat' dir='ltr'>hac</span> <span class='ocrx_word' id='word_1_21' title='bbox 1203 278 1412 323; x_wconf 85' lang='lat' dir='ltr'>materia</span> <span class='ocrx_word' id='word_1_22' title='bbox 1452 277 1531 323; x_wconf 86' lang='lat' dir='ltr'>vel</span> <span class='ocrx_word' id='word_1_23' title='bbox 1554 277 1796 323; x_wconf 81' lang='lat' dir='ltr'>venustis-</span> 
     </span>
     <span class='ocr_line' id='line_1_6' title="bbox 113 350 1796 413; baseline -0.002 -14"><span class='ocrx_word' id='word_1_24' title='bbox 113 355 249 400; x_wconf 88' lang='lat' dir='ltr'>sima.</span> <span class='ocrx_word' id='word_1_25' title='bbox 305 352 616 413; x_wconf 89' lang='lat' dir='ltr'>inopinatum</span> <span class='ocrx_word' id='word_1_26' title='bbox 668 354 717 399; x_wconf 89' lang='lat' dir='ltr'>et</span> <span class='ocrx_word' id='word_1_27' title='bbox 757 367 785 398; x_wconf 90' lang='lat' dir='ltr'>a</span> <span class='ocrx_word' id='word_1_28' title='bbox 823 352 1092 398; x_wconf 81' lang='lat' dir='ltr'>lacessente</span> <span class='ocrx_word' id='word_1_29' title='bbox 1147 352 1266 410; x_wconf 91' lang='lat' dir='ltr'>poni</span> <span class='ocrx_word' id='word_1_30' title='bbox 1320 350 1458 409; x_wconf 87' lang='lat' dir='ltr'>solet,</span> <span class='ocrx_word' id='word_1_31' title='bbox 1515 350 1659 412; x_wconf 87' lang='lat' dir='ltr'>quale</span> <span class='ocrx_word' id='word_1_32' title='bbox 1709 352 1796 408; x_wconf 85' lang='lat' dir='ltr'>est,</span> 
     </span>
     <span class='ocr_line' id='line_1_7' title="bbox 113 420 1794 488; baseline -0.003 -14"><span class='ocrx_word' id='word_1_33' title='bbox 113 427 243 488; x_wconf 90' lang='lat' dir='ltr'>quod</span> <span class='ocrx_word' id='word_1_34' title='bbox 281 427 432 473; x_wconf 87' lang='lat' dir='ltr'>refert</span> <span class='ocrx_word' id='word_1_35' title='bbox 467 425 656 474; x_wconf 87' lang='lat' dir='ltr'>Cicero:</span> <span class='ocrx_word' id='word_1_36' title='bbox 699 422 838 487; x_wconf 79' lang='lat' dir='ltr'>‘quid</span> <span class='ocrx_word' id='word_1_37' title='bbox 875 425 989 471; x_wconf 92' lang='lat' dir='ltr'>huic</span> <span class='ocrx_word' id='word_1_38' title='bbox 1038 424 1174 471; x_wconf 87' lang='lat' dir='ltr'>abest</span> <span class='ocrx_word' id='word_1_39' title='bbox 1220 424 1317 471; x_wconf 84' lang='lat' dir='ltr'>nisi</span> <span class='ocrx_word' id='word_1_40' title='bbox 1362 439 1439 471; x_wconf 90' lang='lat' dir='ltr'>res</span> <span class='ocrx_word' id='word_1_41' title='bbox 1489 427 1537 471; x_wconf 90' lang='lat' dir='ltr'>et</span> <span class='ocrx_word' id='word_1_42' title='bbox 1582 420 1794 470; x_wconf 49' lang='lat' dir='ltr'>virtus?</span> 
     </span>
     <span class='ocr_line' id='line_1_8' title="bbox 114 493 1796 560; baseline -0.001 -14"><span class='ocrx_word' id='word_1_43' title='bbox 114 504 201 547; x_wconf 88' lang='lat' dir='ltr'>aut</span> <span class='ocrx_word' id='word_1_44' title='bbox 238 500 363 546; x_wconf 91' lang='lat' dir='ltr'>illud</span> <span class='ocrx_word' id='word_1_45' title='bbox 402 500 534 546; x_wconf 89' lang='lat' dir='ltr'>Afri:</span> <span class='ocrx_word' id='word_1_46' title='bbox 579 497 741 546; x_wconf 75' lang='lat' dir='ltr'>‘homo</span> <span class='ocrx_word' id='word_1_47' title='bbox 781 501 832 545; x_wconf 91' lang='lat' dir='ltr'>in</span> <span class='ocrx_word' id='word_1_48' title='bbox 873 498 1076 560; x_wconf 79' lang='lat' dir='ltr'>agendis</span> <span class='ocrx_word' id='word_1_49' title='bbox 1118 499 1278 545; x_wconf 90' lang='lat' dir='ltr'>causis</span> <span class='ocrx_word' id='word_1_50' title='bbox 1320 499 1504 558; x_wconf 91' lang='lat' dir='ltr'>optime</span> <span class='ocrx_word' id='word_1_51' title='bbox 1543 493 1796 544; x_wconf 83' lang='lat' dir='ltr'>vestitus&#39;:</span> 
     </span>
     <span class='ocr_line' id='line_1_9' title="bbox 113 571 1797 632; baseline -0.001 -12"><span class='ocrx_word' id='word_1_52' title='bbox 113 577 162 621; x_wconf 90' lang='lat' dir='ltr'>et</span> <span class='ocrx_word' id='word_1_53' title='bbox 206 575 259 620; x_wconf 92' lang='lat' dir='ltr'>in</span> <span class='ocrx_word' id='word_1_54' title='bbox 300 574 614 632; x_wconf 86' lang='lat' dir='ltr'>occurrendo,</span> <span class='ocrx_word' id='word_1_55' title='bbox 664 577 719 620; x_wconf 91' lang='lat' dir='ltr'>ut</span> <span class='ocrx_word' id='word_1_56' title='bbox 769 571 935 620; x_wconf 88' lang='lat' dir='ltr'>Cicero</span> <span class='ocrx_word' id='word_1_57' title='bbox 990 572 1160 619; x_wconf 84' lang='lat' dir='ltr'>audita</span> <span class='ocrx_word' id='word_1_58' title='bbox 1215 572 1342 618; x_wconf 87' lang='lat' dir='ltr'>falsa</span> <span class='ocrx_word' id='word_1_59' title='bbox 1397 571 1571 618; x_wconf 77' lang='lat' dir='ltr'>Vatini</span> <span class='ocrx_word' id='word_1_60' title='bbox 1624 574 1797 630; x_wconf 83' lang='lat' dir='ltr'>morte,</span> 
     </span>
     <span class='ocr_line' id='line_1_10' title="bbox 113 641 1794 709; baseline -0.002 -14"><span class='ocrx_word' id='word_1_61' title='bbox 113 664 223 695; x_wconf 91' lang='lat' dir='ltr'>cum</span> <span class='ocrx_word' id='word_1_62' title='bbox 265 647 465 695; x_wconf 83' lang='lat' dir='ltr'>obvium</span> <span class='ocrx_word' id='word_1_63' title='bbox 504 647 737 695; x_wconf 87' lang='lat' dir='ltr'>libertum</span> <span class='ocrx_word' id='word_1_64' title='bbox 777 648 879 693; x_wconf 89' lang='lat' dir='ltr'>eius</span> <span class='ocrx_word' id='word_1_65' title='bbox 919 648 1273 709; x_wconf 72' lang='lat' dir='ltr'>interrogasset</span> <span class='ocrx_word' id='word_1_66' title='bbox 1323 641 1533 693; x_wconf 78' lang='lat' dir='ltr'>‘rectene</span> <span class='ocrx_word' id='word_1_67' title='bbox 1576 641 1794 692; x_wconf 66' lang='lat' dir='ltr'>omniaP&#39;</span> 
     </span>
     <span class='ocr_line' id='line_1_11' title="bbox 113 716 1889 781; baseline -0.002 -13"><span class='ocrx_word' id='word_1_68' title='bbox 113 721 294 768; x_wconf 90' lang='lat' dir='ltr'>dicenti</span> <span class='ocrx_word' id='word_1_69' title='bbox 375 717 542 768; x_wconf 75' lang='lat' dir='ltr'>‘recte&#39;</span> <span class='ocrx_word' id='word_1_70' title='bbox 610 718 849 768; x_wconf 73' lang='lat' dir='ltr'>‘mortuus</span> <span class='ocrx_word' id='word_1_71' title='bbox 906 716 1019 768; x_wconf 66' lang='lat' dir='ltr'>est!⁹</span> <span class='ocrx_word' id='word_1_72' title='bbox 1079 720 1257 781; x_wconf 86' lang='lat' dir='ltr'>inquit.</span> <span class='ocrx_word' id='word_1_73' title='bbox 1335 719 1579 779; x_wconf 87' lang='lat' dir='ltr'>plurimus</span> <span class='ocrx_word' id='word_1_74' title='bbox 1632 721 1797 766; x_wconf 88' lang='lat' dir='ltr'>autem</span> <span class='ocrx_word' id='word_1_75' title='bbox 1825 727 1889 771; x_wconf 78' lang='lat'>85</span> 
     </span>
     <span class='ocr_line' id='line_1_12' title="bbox 113 789 1798 857; baseline -0.001 -15"><span class='ocrx_word' id='word_1_76' title='bbox 113 797 243 843; x_wconf 88' lang='lat' dir='ltr'>circa</span> <span class='ocrx_word' id='word_1_77' title='bbox 297 795 666 842; x_wconf 71' lang='lat' dir='ltr'>simulationem</span> <span class='ocrx_word' id='word_1_78' title='bbox 711 791 796 857; x_wconf 82' lang='lat' dir='ltr'>&lt;et</span> <span class='ocrx_word' id='word_1_79' title='bbox 844 789 1322 856; x_wconf 71' lang='lat' dir='ltr'>dissimulationem&gt;</span> <span class='ocrx_word' id='word_1_80' title='bbox 1373 795 1500 841; x_wconf 79' lang='lat' dir='ltr'>risus</span> <span class='ocrx_word' id='word_1_81' title='bbox 1543 797 1630 853; x_wconf 89' lang='lat' dir='ltr'>est,</span> <span class='ocrx_word' id='word_1_82' title='bbox 1673 809 1798 854; x_wconf 90' lang='lat' dir='ltr'>quae</span> 
     </span>
     <span class='ocr_line' id='line_1_13' title="bbox 114 867 1798 929; baseline -0.002 -12"><span class='ocrx_word' id='word_1_83' title='bbox 114 874 228 918; x_wconf 89' lang='lat' dir='ltr'>sunt</span> <span class='ocrx_word' id='word_1_84' title='bbox 278 871 442 916; x_wconf 84' lang='lat' dir='ltr'>vicina</span> <span class='ocrx_word' id='word_1_85' title='bbox 494 872 541 916; x_wconf 91' lang='lat' dir='ltr'>et</span> <span class='ocrx_word' id='word_1_86' title='bbox 592 885 744 929; x_wconf 89' lang='lat' dir='ltr'>prope</span> <span class='ocrx_word' id='word_1_87' title='bbox 798 869 989 927; x_wconf 86' lang='lat' dir='ltr'>eadem,</span> <span class='ocrx_word' id='word_1_88' title='bbox 1046 867 1130 915; x_wconf 91' lang='lat' dir='ltr'>sed</span> <span class='ocrx_word' id='word_1_89' title='bbox 1184 867 1436 915; x_wconf 73' lang='lat' dir='ltr'>simulatio</span> <span class='ocrx_word' id='word_1_90' title='bbox 1487 870 1560 914; x_wconf 92' lang='lat' dir='ltr'>est</span> <span class='ocrx_word' id='word_1_91' title='bbox 1615 870 1798 914; x_wconf 85' lang='lat' dir='ltr'>certam</span> 
     </span>
     <span class='ocr_line' id='line_1_14' title="bbox 115 942 1796 1004; baseline -0.002 -14"><span class='ocrx_word' id='word_1_92' title='bbox 115 944 398 1004; x_wconf 88' lang='lat' dir='ltr'>opinionem</span> <span class='ocrx_word' id='word_1_93' title='bbox 439 944 593 989; x_wconf 86' lang='lat' dir='ltr'>animi</span> <span class='ocrx_word' id='word_1_94' title='bbox 633 943 707 989; x_wconf 91' lang='lat' dir='ltr'>sui</span> <span class='ocrx_word' id='word_1_95' title='bbox 747 943 1008 1001; x_wconf 87' lang='lat' dir='ltr'>imitantis,</span> <span class='ocrx_word' id='word_1_96' title='bbox 1049 942 1379 989; x_wconf 79' lang='lat' dir='ltr'>dissimulatio</span> <span class='ocrx_word' id='word_1_97' title='bbox 1422 942 1582 988; x_wconf 88' lang='lat' dir='ltr'>aliena</span> <span class='ocrx_word' id='word_1_98' title='bbox 1623 957 1672 989; x_wconf 91' lang='lat' dir='ltr'>se</span> <span class='ocrx_word' id='word_1_99' title='bbox 1712 957 1796 1003; x_wconf 90' lang='lat' dir='ltr'>pa-</span> 
     </span>
     <span class='ocr_line' id='line_1_15' title="bbox 111 1016 1798 1080; baseline -0.001 -17"><span class='ocrx_word' id='word_1_100' title='bbox 111 1034 221 1063; x_wconf 91' lang='lat' dir='ltr'>rum</span> <span class='ocrx_word' id='word_1_101' title='bbox 259 1017 545 1079; x_wconf 83' lang='lat' dir='ltr'>intellegere</span> <span class='ocrx_word' id='word_1_102' title='bbox 584 1017 830 1080; x_wconf 82' lang='lat' dir='ltr'>fingentis.</span> <span class='ocrx_word' id='word_1_103' title='bbox 888 1016 1142 1063; x_wconf 86' lang='lat' dir='ltr'>simulavit</span> <span class='ocrx_word' id='word_1_104' title='bbox 1192 1016 1327 1075; x_wconf 83' lang='lat' dir='ltr'>Afer,</span> <span class='ocrx_word' id='word_1_105' title='bbox 1383 1031 1494 1062; x_wconf 92' lang='lat' dir='ltr'>cum</span> <span class='ocrx_word' id='word_1_106' title='bbox 1540 1017 1592 1062; x_wconf 93' lang='lat' dir='ltr'>in</span> <span class='ocrx_word' id='word_1_107' title='bbox 1650 1031 1798 1062; x_wconf 85' lang='lat' dir='ltr'>causa</span> 
     </span>
     <span class='ocr_line' id='line_1_16' title="bbox 112 1090 1799 1151; baseline -0.001 -14"><span class='ocrx_word' id='word_1_108' title='bbox 112 1090 316 1138; x_wconf 89' lang='lat' dir='ltr'>subinde</span> <span class='ocrx_word' id='word_1_109' title='bbox 357 1091 646 1150; x_wconf 80' lang='lat' dir='ltr'>dicentibus,</span> <span class='ocrx_word' id='word_1_110' title='bbox 703 1090 948 1137; x_wconf 83' lang='lat' dir='ltr'>Celsinam</span> <span class='ocrx_word' id='word_1_111' title='bbox 989 1090 1047 1137; x_wconf 90' lang='lat' dir='ltr'>de</span> <span class='ocrx_word' id='word_1_112' title='bbox 1086 1107 1138 1136; x_wconf 89' lang='lat' dir='ltr'>re</span> <span class='ocrx_word' id='word_1_113' title='bbox 1179 1091 1480 1151; x_wconf 84' lang='lat' dir='ltr'>cognovisse,</span> <span class='ocrx_word' id='word_1_114' title='bbox 1530 1106 1653 1150; x_wconf 90' lang='lat' dir='ltr'>quae</span> <span class='ocrx_word' id='word_1_115' title='bbox 1694 1093 1799 1136; x_wconf 86' lang='lat' dir='ltr'>erat</span> 
     </span>
     <span class='ocr_line' id='line_1_17' title="bbox 111 1159 1799 1225; baseline -0.001 -13"><span class='ocrx_word' id='word_1_116' title='bbox 111 1169 285 1225; x_wconf 85' lang='lat' dir='ltr'>potens</span> <span class='ocrx_word' id='word_1_117' title='bbox 325 1166 532 1211; x_wconf 85' lang='lat' dir='ltr'>femina:</span> <span class='ocrx_word' id='word_1_118' title='bbox 590 1161 718 1225; x_wconf 71' lang='lat' dir='ltr'>‘quis</span> <span class='ocrx_word' id='word_1_119' title='bbox 760 1161 867 1224; x_wconf 83' lang='lat' dir='ltr'>est&#39;,</span> <span class='ocrx_word' id='word_1_120' title='bbox 921 1166 1099 1225; x_wconf 89' lang='lat' dir='ltr'>inquit,</span> <span class='ocrx_word' id='word_1_121' title='bbox 1140 1159 1305 1210; x_wconf 63' lang='lat' dir='ltr'>eiste‘?’</span> <span class='ocrx_word' id='word_1_122' title='bbox 1367 1163 1612 1211; x_wconf 88' lang='lat' dir='ltr'>Celsinam</span> <span class='ocrx_word' id='word_1_123' title='bbox 1669 1165 1799 1211; x_wconf 92' lang='lat' dir='ltr'>enim</span> 
     </span>
    </p>
   </div>
   <div class='ocr_carea' id='block_1_5' title="bbox 68 1237 1889 1297">
    <p class='ocr_par' dir='ltr' id='par_1_5' title="bbox 68 1237 1889 1297">
     <span class='ocr_line' id='line_1_18' title="bbox 68 1237 1889 1297; baseline 0.001 -10"><span class='ocrx_word' id='word_1_124' title='bbox 68 1257 86 1288; x_wconf 87' lang='lat'>5</span> <span class='ocrx_word' id='word_1_125' title='bbox 112 1238 270 1286; x_wconf 82' lang='lat' dir='ltr'>videri</span> <span class='ocrx_word' id='word_1_126' title='bbox 324 1239 419 1286; x_wconf 89' lang='lat' dir='ltr'>sibi</span> <span class='ocrx_word' id='word_1_127' title='bbox 470 1241 632 1286; x_wconf 87' lang='lat' dir='ltr'>virum</span> <span class='ocrx_word' id='word_1_128' title='bbox 682 1239 836 1286; x_wconf 82' lang='lat' dir='ltr'>finxit.</span> <span class='ocrx_word' id='word_1_129' title='bbox 893 1238 1227 1286; x_wconf 83' lang='lat' dir='ltr'>dissimula-vit</span> <span class='ocrx_word' id='word_1_130' title='bbox 1284 1237 1475 1297; x_wconf 89' lang='lat' dir='ltr'>Cicero,</span> <span class='ocrx_word' id='word_1_131' title='bbox 1532 1254 1642 1285; x_wconf 91' lang='lat' dir='ltr'>cum</span> <span class='ocrx_word' id='word_1_132' title='bbox 1690 1237 1796 1285; x_wconf 81' lang='lat' dir='ltr'>Sex.</span> <span class='ocrx_word' id='word_1_133' title='bbox 1825 1245 1889 1288; x_wconf 76' lang='lat'>86</span> 
     </span>
    </p>
   </div>
   <div class='ocr_carea' id='block_1_6' title="bbox 111 1312 1886 1745">
    <p class='ocr_par' dir='ltr' id='par_1_6' title="bbox 112 1312 1797 1522">
     <span class='ocr_line' id='line_1_19' title="bbox 112 1312 1797 1372; baseline -0.001 -13"><span class='ocrx_word' id='word_1_134' title='bbox 112 1313 321 1360; x_wconf 85' lang='lat' dir='ltr'>Annalis</span> <span class='ocrx_word' id='word_1_135' title='bbox 362 1314 504 1360; x_wconf 80' lang='lat' dir='ltr'>testis</span> <span class='ocrx_word' id='word_1_136' title='bbox 543 1330 681 1360; x_wconf 89' lang='lat' dir='ltr'>reum</span> <span class='ocrx_word' id='word_1_137' title='bbox 719 1313 957 1372; x_wconf 83' lang='lat' dir='ltr'>laesisset,</span> <span class='ocrx_word' id='word_1_138' title='bbox 1006 1315 1053 1360; x_wconf 90' lang='lat' dir='ltr'>et</span> <span class='ocrx_word' id='word_1_139' title='bbox 1091 1314 1303 1360; x_wconf 87' lang='lat' dir='ltr'>instaret</span> <span class='ocrx_word' id='word_1_140' title='bbox 1340 1312 1611 1359; x_wconf 83' lang='lat' dir='ltr'>identidem</span> <span class='ocrx_word' id='word_1_141' title='bbox 1659 1327 1797 1358; x_wconf 90' lang='lat' dir='ltr'>accu-</span> 
     </span>
     <span class='ocr_line' id='line_1_20' title="bbox 112 1382 1796 1448; baseline -0.002 -13"><span class='ocrx_word' id='word_1_142' title='bbox 112 1392 247 1435; x_wconf 86' lang='lat' dir='ltr'>sator</span> <span class='ocrx_word' id='word_1_143' title='bbox 287 1389 332 1433; x_wconf 88' lang='lat' dir='ltr'>ei</span> <span class='ocrx_word' id='word_1_144' title='bbox 374 1383 484 1447; x_wconf 76' lang='lat' dir='ltr'>‘dic,</span> <span class='ocrx_word' id='word_1_145' title='bbox 523 1387 587 1433; x_wconf 88' lang='lat' dir='ltr'>M.</span> <span class='ocrx_word' id='word_1_146' title='bbox 630 1387 777 1447; x_wconf 87' lang='lat' dir='ltr'>Tulli,</span> <span class='ocrx_word' id='word_1_147' title='bbox 833 1387 872 1434; x_wconf 87' lang='lat' dir='ltr'>si</span> <span class='ocrx_word' id='word_1_148' title='bbox 915 1387 1034 1448; x_wconf 83' lang='lat' dir='ltr'>quid</span> <span class='ocrx_word' id='word_1_149' title='bbox 1082 1390 1220 1448; x_wconf 88' lang='lat' dir='ltr'>potes</span> <span class='ocrx_word' id='word_1_150' title='bbox 1270 1386 1328 1433; x_wconf 91' lang='lat' dir='ltr'>de</span> <span class='ocrx_word' id='word_1_151' title='bbox 1370 1385 1516 1433; x_wconf 84' lang='lat' dir='ltr'>Sexto</span> <span class='ocrx_word' id='word_1_152' title='bbox 1568 1382 1796 1445; x_wconf 76' lang='lat' dir='ltr'>Annali’3</span> 
     </span>
     <span class='ocr_line' id='line_1_21' title="bbox 112 1461 1674 1522; baseline 0 -15"><span class='ocrx_word' id='word_1_153' title='bbox 112 1477 280 1509; x_wconf 82' lang='lat' dir='ltr'>versus</span> <span class='ocrx_word' id='word_1_154' title='bbox 322 1463 452 1508; x_wconf 90' lang='lat' dir='ltr'>enim</span> <span class='ocrx_word' id='word_1_155' title='bbox 493 1462 651 1508; x_wconf 80' lang='lat' dir='ltr'>dicere</span> <span class='ocrx_word' id='word_1_156' title='bbox 694 1463 856 1522; x_wconf 89' lang='lat' dir='ltr'>coepit</span> <span class='ocrx_word' id='word_1_157' title='bbox 895 1461 953 1508; x_wconf 90' lang='lat' dir='ltr'>de</span> <span class='ocrx_word' id='word_1_158' title='bbox 992 1461 1118 1507; x_wconf 91' lang='lat' dir='ltr'>libro</span> <span class='ocrx_word' id='word_1_159' title='bbox 1160 1461 1292 1507; x_wconf 87' lang='lat' dir='ltr'>Enni</span> <span class='ocrx_word' id='word_1_160' title='bbox 1332 1461 1501 1507; x_wconf 91' lang='lat' dir='ltr'>annali</span> <span class='ocrx_word' id='word_1_161' title='bbox 1540 1464 1674 1509; x_wconf 83' lang='lat' dir='ltr'>sexto</span> 
     </span>
    </p>

    <p class='ocr_par' dir='ltr' id='par_1_7' title="bbox 111 1531 1886 1745">
     <span class='ocr_line' id='line_1_22' title="bbox 335 1531 1579 1598; baseline -0.001 -16"><span class='ocrx_word' id='word_1_162' title='bbox 335 1531 465 1596; x_wconf 74' lang='lat' dir='ltr'>‘quis</span> <span class='ocrx_word' id='word_1_163' title='bbox 504 1537 635 1596; x_wconf 90' lang='lat' dir='ltr'>potis</span> <span class='ocrx_word' id='word_1_164' title='bbox 675 1535 890 1598; x_wconf 90' lang='lat' dir='ltr'>ingentis</span> <span class='ocrx_word' id='word_1_165' title='bbox 931 1551 1106 1583; x_wconf 89' lang='lat' dir='ltr'>causas</span> <span class='ocrx_word' id='word_1_166' title='bbox 1146 1536 1371 1582; x_wconf 80' lang='lat' dir='ltr'>evolvere</span> <span class='ocrx_word' id='word_1_167' title='bbox 1410 1531 1579 1581; x_wconf 83' lang='lat' dir='ltr'>belli?&#39;</span> 
     </span>
     <span class='ocr_line' id='line_1_23' title="bbox 114 1609 1886 1672; baseline 0.001 -16"><span class='ocrx_word' id='word_1_168' title='bbox 114 1611 192 1656; x_wconf 90' lang='lat' dir='ltr'>cui</span> <span class='ocrx_word' id='word_1_169' title='bbox 231 1611 336 1657; x_wconf 87' lang='lat' dir='ltr'>sine</span> <span class='ocrx_word' id='word_1_170' title='bbox 376 1610 523 1657; x_wconf 90' lang='lat' dir='ltr'>dubio</span> <span class='ocrx_word' id='word_1_171' title='bbox 565 1611 1015 1671; x_wconf 86' lang='lat' dir='ltr'>frequentissimam</span> <span class='ocrx_word' id='word_1_172' title='bbox 1068 1609 1153 1656; x_wconf 87' lang='lat' dir='ltr'>dat</span> <span class='ocrx_word' id='word_1_173' title='bbox 1200 1610 1506 1657; x_wconf 88' lang='lat' dir='ltr'>occasionem</span> <span class='ocrx_word' id='word_1_174' title='bbox 1556 1609 1796 1672; x_wconf 87' lang='lat' dir='ltr'>ambigui·</span> <span class='ocrx_word' id='word_1_175' title='bbox 1824 1615 1886 1658; x_wconf 73' lang='lat'>87</span> 
     </span>
     <span class='ocr_line' id='line_1_24' title="bbox 111 1680 1795 1745; baseline -0.001 -15"><span class='ocrx_word' id='word_1_176' title='bbox 111 1687 203 1743; x_wconf 91' lang='lat' dir='ltr'>tas,</span> <span class='ocrx_word' id='word_1_177' title='bbox 243 1687 299 1731; x_wconf 93' lang='lat' dir='ltr'>ut</span> <span class='ocrx_word' id='word_1_178' title='bbox 340 1682 594 1743; x_wconf 89' lang='lat' dir='ltr'>Cascellio,</span> <span class='ocrx_word' id='word_1_179' title='bbox 636 1685 722 1745; x_wconf 90' lang='lat' dir='ltr'>qui</span> <span class='ocrx_word' id='word_1_180' title='bbox 762 1685 1087 1731; x_wconf 86' lang='lat' dir='ltr'>consultatori</span> <span class='ocrx_word' id='word_1_181' title='bbox 1126 1684 1310 1730; x_wconf 86' lang='lat' dir='ltr'>dicenti</span> <span class='ocrx_word' id='word_1_182' title='bbox 1351 1680 1548 1730; x_wconf 76' lang='lat' dir='ltr'>‘navem</span> <span class='ocrx_word' id='word_1_183' title='bbox 1580 1683 1795 1730; x_wconf 76' lang='lat' dir='ltr'>dividere</span> 
     </span>
    </p>
   </div>
   <div class='ocr_carea' id='block_1_7' title="bbox 36 1754 1798 1819">
    <p class='ocr_par' dir='ltr' id='par_1_8' title="bbox 36 1754 1798 1819">
     <span class='ocr_line' id='line_1_25' title="bbox 36 1754 1798 1819; baseline 0.001 -16"><span class='ocrx_word' id='word_1_184' title='bbox 36 1778 39 1779; x_wconf 40' lang='lat'><em>⁷</em></span> <span class='ocrx_word' id='word_1_185' title='bbox 113 1754 262 1805; x_wconf 86' lang='lat' dir='ltr'>volo&#39;:</span> <span class='ocrx_word' id='word_1_186' title='bbox 305 1754 533 1819; x_wconf 73' lang='lat' dir='ltr'>‘perdes&#39;,</span> <span class='ocrx_word' id='word_1_187' title='bbox 572 1759 752 1819; x_wconf 84' lang='lat' dir='ltr'>inquit.</span> <span class='ocrx_word' id='word_1_188' title='bbox 789 1758 873 1805; x_wconf 91' lang='lat' dir='ltr'>sed</span> <span class='ocrx_word' id='word_1_189' title='bbox 906 1760 1064 1805; x_wconf 86' lang='lat' dir='ltr'>averti</span> <span class='ocrx_word' id='word_1_190' title='bbox 1095 1757 1375 1805; x_wconf 90' lang='lat' dir='ltr'>intellectus</span> <span class='ocrx_word' id='word_1_191' title='bbox 1410 1760 1458 1805; x_wconf 90' lang='lat' dir='ltr'>et</span> <span class='ocrx_word' id='word_1_192' title='bbox 1490 1758 1634 1805; x_wconf 88' lang='lat' dir='ltr'>aliter</span> <span class='ocrx_word' id='word_1_193' title='bbox 1660 1758 1798 1815; x_wconf 89' lang='lat' dir='ltr'>solet,</span> 
     </span>
    </p>
   </div>
   <div class='ocr_carea' id='block_1_8' title="bbox 112 1832 1797 1968">
    <p class='ocr_par' dir='ltr' id='par_1_9' title="bbox 112 1832 1797 1968">
     <span class='ocr_line' id='line_1_26' title="bbox 113 1832 1797 1894; baseline -0.001 -16"><span class='ocrx_word' id='word_1_194' title='bbox 113 1847 224 1878; x_wconf 92' lang='lat' dir='ltr'>cum</span> <span class='ocrx_word' id='word_1_195' title='bbox 264 1832 324 1878; x_wconf 90' lang='lat' dir='ltr'>ab</span> <span class='ocrx_word' id='word_1_196' title='bbox 365 1832 694 1894; x_wconf 83' lang='lat' dir='ltr'>asperioribus</span> <span class='ocrx_word' id='word_1_197' title='bbox 737 1832 798 1879; x_wconf 88' lang='lat' dir='ltr'>ad</span> <span class='ocrx_word' id='word_1_198' title='bbox 837 1832 1026 1880; x_wconf 89' lang='lat' dir='ltr'>leniora</span> <span class='ocrx_word' id='word_1_199' title='bbox 1068 1832 1363 1879; x_wconf 86' lang='lat' dir='ltr'>deflectitur:</span> <span class='ocrx_word' id='word_1_200' title='bbox 1415 1834 1474 1879; x_wconf 89' lang='lat' dir='ltr'>ut</span> <span class='ocrx_word' id='word_1_201' title='bbox 1525 1834 1610 1893; x_wconf 84' lang='lat' dir='ltr'>qui</span> <span class='ocrx_word' id='word_1_202' title='bbox 1649 1832 1797 1878; x_wconf 88' lang='lat' dir='ltr'>inter-</span> 
     </span>
     <span class='ocr_line' id='line_1_27' title="bbox 112 1905 1797 1968; baseline 0 -16"><span class='ocrx_word' id='word_1_203' title='bbox 112 1910 332 1968; x_wconf 88' lang='lat' dir='ltr'>rogatus,</span> <span class='ocrx_word' id='word_1_204' title='bbox 375 1907 493 1968; x_wconf 87' lang='lat' dir='ltr'>quid</span> <span class='ocrx_word' id='word_1_205' title='bbox 533 1908 738 1953; x_wconf 89' lang='lat' dir='ltr'>sentiret</span> <span class='ocrx_word' id='word_1_206' title='bbox 778 1907 836 1954; x_wconf 90' lang='lat' dir='ltr'>de</span> <span class='ocrx_word' id='word_1_207' title='bbox 878 1923 947 1967; x_wconf 90' lang='lat' dir='ltr'>eo,</span> <span class='ocrx_word' id='word_1_208' title='bbox 991 1907 1076 1968; x_wconf 91' lang='lat' dir='ltr'>qui</span> <span class='ocrx_word' id='word_1_209' title='bbox 1107 1908 1159 1953; x_wconf 90' lang='lat' dir='ltr'>in</span> <span class='ocrx_word' id='word_1_210' title='bbox 1192 1905 1435 1954; x_wconf 88' lang='lat' dir='ltr'>adulterio</span> <span class='ocrx_word' id='word_1_211' title='bbox 1469 1906 1797 1968; x_wconf 88' lang='lat' dir='ltr'>deprehensus</span> 
     </span>
    </p>
   </div>
   <div class='ocr_carea' id='block_1_9' title="bbox 69 1980 1888 2041">
    <p class='ocr_par' dir='ltr' id='par_1_10' title="bbox 69 1980 1888 2041">
     <span class='ocr_line' id='line_1_28' title="bbox 69 1980 1888 2041; baseline 0.001 -13"><span class='ocrx_word' id='word_1_212' title='bbox 69 1998 86 2028; x_wconf 86' lang='lat'>5</span> <span class='ocrx_word' id='word_1_213' title='bbox 114 1984 254 2040; x_wconf 89' lang='lat' dir='ltr'>esset,</span> <span class='ocrx_word' id='word_1_214' title='bbox 293 1981 490 2027; x_wconf 86' lang='lat' dir='ltr'>tardum</span> <span class='ocrx_word' id='word_1_215' title='bbox 530 1982 680 2028; x_wconf 90' lang='lat' dir='ltr'>fuisse</span> <span class='ocrx_word' id='word_1_216' title='bbox 719 1980 985 2041; x_wconf 88' lang='lat' dir='ltr'>respondit.</span> <span class='ocrx_word' id='word_1_217' title='bbox 1029 1983 1075 2026; x_wconf 91' lang='lat' dir='ltr'>ei</span> <span class='ocrx_word' id='word_1_218' title='bbox 1107 1981 1292 2027; x_wconf 88' lang='lat' dir='ltr'>confine</span> <span class='ocrx_word' id='word_1_219' title='bbox 1327 1983 1413 2040; x_wconf 90' lang='lat' dir='ltr'>est,</span> <span class='ocrx_word' id='word_1_220' title='bbox 1454 1981 1586 2041; x_wconf 88' lang='lat' dir='ltr'>quod</span> <span class='ocrx_word' id='word_1_221' title='bbox 1618 1980 1799 2028; x_wconf 87' lang='lat' dir='ltr'>dicitur</span> <span class='ocrx_word' id='word_1_222' title='bbox 1824 1984 1888 2029; x_wconf 78' lang='lat'>88</span> 
     </span>
    </p>
   </div>
   <div class='ocr_carea' id='block_1_10' title="bbox 112 2053 1889 2338">
    <p class='ocr_par' dir='ltr' id='par_1_11' title="bbox 112 2053 1889 2338">
     <span class='ocr_line' id='line_1_29' title="bbox 112 2053 1797 2117; baseline 0.001 -17"><span class='ocrx_word' id='word_1_223' title='bbox 112 2070 199 2115; x_wconf 87' lang='lat' dir='ltr'>per</span> <span class='ocrx_word' id='word_1_224' title='bbox 254 2055 596 2115; x_wconf 88' lang='lat' dir='ltr'>suspicionem,</span> <span class='ocrx_word' id='word_1_225' title='bbox 660 2056 803 2117; x_wconf 87' lang='lat' dir='ltr'>quale</span> <span class='ocrx_word' id='word_1_226' title='bbox 850 2055 977 2101; x_wconf 90' lang='lat' dir='ltr'>illud</span> <span class='ocrx_word' id='word_1_227' title='bbox 1033 2055 1164 2115; x_wconf 87' lang='lat' dir='ltr'>apud</span> <span class='ocrx_word' id='word_1_228' title='bbox 1221 2053 1503 2102; x_wconf 87' lang='lat' dir='ltr'>Ciceronem</span> <span class='ocrx_word' id='word_1_229' title='bbox 1557 2055 1797 2116; x_wconf 84' lang='lat' dir='ltr'>querenti,</span> 
     </span>
     <span class='ocr_line' id='line_1_30' title="bbox 114 2125 1799 2191; baseline 0 -17"><span class='ocrx_word' id='word_1_230' title='bbox 114 2128 245 2189; x_wconf 94' lang='lat' dir='ltr'>quod</span> <span class='ocrx_word' id='word_1_231' title='bbox 283 2144 405 2175; x_wconf 84' lang='lat' dir='ltr'>uxor</span> <span class='ocrx_word' id='word_1_232' title='bbox 444 2145 532 2176; x_wconf 89' lang='lat' dir='ltr'>sua</span> <span class='ocrx_word' id='word_1_233' title='bbox 581 2146 637 2175; x_wconf 84' lang='lat' dir='ltr'>ex</span> <span class='ocrx_word' id='word_1_234' title='bbox 675 2129 767 2177; x_wconf 91' lang='lat' dir='ltr'>fico</span> <span class='ocrx_word' id='word_1_235' title='bbox 823 2143 873 2176; x_wconf 92' lang='lat' dir='ltr'>se</span> <span class='ocrx_word' id='word_1_236' title='bbox 929 2129 1284 2191; x_wconf 88' lang='lat' dir='ltr'>suspendisset:</span> <span class='ocrx_word' id='word_1_237' title='bbox 1343 2125 1481 2190; x_wconf 76' lang='lat' dir='ltr'>‘rogo</span> <span class='ocrx_word' id='word_1_238' title='bbox 1538 2129 1620 2176; x_wconf 90' lang='lat' dir='ltr'>des</span> <span class='ocrx_word' id='word_1_239' title='bbox 1675 2128 1799 2174; x_wconf 89' lang='lat' dir='ltr'>mihi</span> 
     </span>
     <span class='ocr_line' id='line_1_31' title="bbox 112 2199 1798 2266; baseline -0.001 -16"><span class='ocrx_word' id='word_1_240' title='bbox 112 2203 361 2250; x_wconf 89' lang='lat' dir='ltr'>surculum</span> <span class='ocrx_word' id='word_1_241' title='bbox 402 2219 458 2250; x_wconf 86' lang='lat' dir='ltr'>ex</span> <span class='ocrx_word' id='word_1_242' title='bbox 504 2204 594 2250; x_wconf 90' lang='lat' dir='ltr'>illa</span> <span class='ocrx_word' id='word_1_243' title='bbox 643 2203 829 2263; x_wconf 88' lang='lat' dir='ltr'>arbore,</span> <span class='ocrx_word' id='word_1_244' title='bbox 884 2207 939 2250; x_wconf 89' lang='lat' dir='ltr'>ut</span> <span class='ocrx_word' id='word_1_245' title='bbox 989 2199 1247 2263; x_wconf 79' lang='lat' dir='ltr'>inseram’3</span> <span class='ocrx_word' id='word_1_246' title='bbox 1302 2204 1612 2266; x_wconf 88' lang='lat' dir='ltr'>intellegitur</span> <span class='ocrx_word' id='word_1_247' title='bbox 1667 2202 1798 2249; x_wconf 91' lang='lat' dir='ltr'>enim</span> 
     </span>
     <span class='ocr_line' id='line_1_32' title="bbox 115 2277 1889 2338; baseline 0.002 -16"><span class='ocrx_word' id='word_1_248' title='bbox 115 2277 245 2338; x_wconf 88' lang='lat' dir='ltr'>quod</span> <span class='ocrx_word' id='word_1_249' title='bbox 283 2293 380 2324; x_wconf 89' lang='lat' dir='ltr'>non</span> <span class='ocrx_word' id='word_1_250' title='bbox 423 2277 617 2324; x_wconf 86' lang='lat' dir='ltr'>dicitur.</span> <span class='ocrx_word' id='word_1_251' title='bbox 659 2281 707 2325; x_wconf 92' lang='lat' dir='ltr'>et</span> <span class='ocrx_word' id='word_1_252' title='bbox 745 2278 943 2325; x_wconf 89' lang='lat' dir='ltr'>hercule</span> <span class='ocrx_word' id='word_1_253' title='bbox 985 2279 1143 2324; x_wconf 90' lang='lat' dir='ltr'>omnis</span> <span class='ocrx_word' id='word_1_254' title='bbox 1184 2278 1309 2324; x_wconf 88' lang='lat' dir='ltr'>salse</span> <span class='ocrx_word' id='word_1_255' title='bbox 1351 2277 1545 2325; x_wconf 85' lang='lat' dir='ltr'>dicendi</span> <span class='ocrx_word' id='word_1_256' title='bbox 1583 2278 1712 2324; x_wconf 86' lang='lat' dir='ltr'>ratio</span> <span class='ocrx_word' id='word_1_257' title='bbox 1744 2279 1797 2323; x_wconf 90' lang='lat' dir='ltr'>in</span> <span class='ocrx_word' id='word_1_258' title='bbox 1824 2281 1889 2325; x_wconf 80' lang='lat'>89</span> 
     </span>
    </p>
   </div>
   <div class='ocr_carea' id='block_1_11' title="bbox 45 2352 1796 2413">
    <p class='ocr_par' dir='ltr' id='par_1_12' title="bbox 45 2352 1796 2413">
     <span class='ocr_line' id='line_1_33' title="bbox 45 2352 1796 2413; baseline -0.001 -15"><span class='ocrx_word' id='word_1_259' title='bbox 45 2369 63 2399; x_wconf 87' lang='lat'><strong>3</strong></span> <span class='ocrx_word' id='word_1_260' title='bbox 113 2366 167 2398; x_wconf 87' lang='lat' dir='ltr'>eo</span> <span class='ocrx_word' id='word_1_261' title='bbox 224 2355 311 2411; x_wconf 88' lang='lat' dir='ltr'>est,</span> <span class='ocrx_word' id='word_1_262' title='bbox 361 2354 417 2398; x_wconf 92' lang='lat' dir='ltr'>ut</span> <span class='ocrx_word' id='word_1_263' title='bbox 469 2353 627 2411; x_wconf 90' lang='lat' dir='ltr'>aliter,</span> <span class='ocrx_word' id='word_1_264' title='bbox 680 2368 831 2413; x_wconf 86' lang='lat' dir='ltr'>quam</span> <span class='ocrx_word' id='word_1_265' title='bbox 884 2354 958 2399; x_wconf 91' lang='lat' dir='ltr'>est</span> <span class='ocrx_word' id='word_1_266' title='bbox 1010 2355 1199 2399; x_wconf 90' lang='lat' dir='ltr'>rectum</span> <span class='ocrx_word' id='word_1_267' title='bbox 1252 2367 1534 2412; x_wconf 85' lang='lat' dir='ltr'>verumque,</span> <span class='ocrx_word' id='word_1_268' title='bbox 1582 2352 1796 2399; x_wconf 85' lang='lat' dir='ltr'>dicatur:</span> 
     </span>
    </p>
   </div>
   <div class='ocr_carea' id='block_1_12' title="bbox 112 2477 1798 2757">
    <p class='ocr_par' dir='ltr' id='par_1_13' title="bbox 112 2477 1796 2593">
     <span class='ocr_line' id='line_1_34' title="bbox 229 2477 1796 2532; baseline 0.001 -12"><span class='ocrx_word' id='word_1_269' title='bbox 229 2482 255 2520; x_wconf 83' lang='lat'>4</span> <span class='ocrx_word' id='word_1_270' title='bbox 287 2477 348 2520; x_wconf 78' lang='lat' dir='ltr'>ib.</span> <span class='ocrx_word' id='word_1_271' title='bbox 384 2483 422 2531; x_wconf 80' lang='lat'>2,</span> <span class='ocrx_word' id='word_1_272' title='bbox 460 2482 528 2532; x_wconf 82' lang='lat'>70,</span> <span class='ocrx_word' id='word_1_273' title='bbox 561 2483 643 2522; x_wconf 79' lang='lat'>281</span> <span class='ocrx_word' id='word_1_274' title='bbox 687 2504 741 2511; x_wconf 85' lang='lat'><em>-</em></span> <span class='ocrx_word' id='word_1_275' title='bbox 785 2483 837 2521; x_wconf 87' lang='lat'>18</span> <span class='ocrx_word' id='word_1_276' title='bbox 870 2493 900 2520; x_wconf 77' lang='lat' dir='ltr'><strong>v</strong></span> <span class='ocrx_word' id='word_1_277' title='bbox 942 2482 1025 2521; x_wconf 80' lang='lat'>174</span> <span class='ocrx_word' id='word_1_278' title='bbox 1073 2505 1128 2510; x_wconf 89' lang='lat'><em>-</em></span> <span class='ocrx_word' id='word_1_279' title='bbox 1178 2483 1232 2520; x_wconf 80' lang='lat'>23</span> <span class='ocrx_word' id='word_1_280' title='bbox 1266 2477 1356 2521; x_wconf 74' lang='lat' dir='ltr'>Cic.</span> <span class='ocrx_word' id='word_1_281' title='bbox 1407 2478 1463 2521; x_wconf 79' lang='lat' dir='ltr'>de</span> <span class='ocrx_word' id='word_1_282' title='bbox 1503 2480 1617 2522; x_wconf 73' lang='lat' dir='ltr'>orat.</span> <span class='ocrx_word' id='word_1_283' title='bbox 1653 2483 1692 2532; x_wconf 81' lang='lat'>2,</span> <span class='ocrx_word' id='word_1_284' title='bbox 1728 2483 1796 2529; x_wconf 78' lang='lat' dir='ltr'>es,</span> 
     </span>
     <span class='ocr_line' id='line_1_35' title="bbox 112 2538 691 2593; baseline 0.003 -14"><span class='ocrx_word' id='word_1_285' title='bbox 112 2542 195 2580; x_wconf 81' lang='lat'>275</span> <span class='ocrx_word' id='word_1_286' title='bbox 231 2564 286 2569; x_wconf 89' lang='lat'>—</span> <span class='ocrx_word' id='word_1_287' title='bbox 319 2542 373 2580; x_wconf 81' lang='lat'>26</span> <span class='ocrx_word' id='word_1_288' title='bbox 406 2538 467 2580; x_wconf 79' lang='lat' dir='ltr'>ib.</span> <span class='ocrx_word' id='word_1_289' title='bbox 504 2542 572 2593; x_wconf 83' lang='lat'>69,</span> <span class='ocrx_word' id='word_1_290' title='bbox 607 2542 691 2581; x_wconf 80' lang='lat'>278</span> 
     </span>
    </p>

    <p class='ocr_par' dir='ltr' id='par_1_14' title="bbox 112 2641 1798 2757">
     <span class='ocr_line' id='line_1_36' title="bbox 233 2641 1798 2697; baseline 0 -14"><span class='ocrx_word' id='word_1_291' title='bbox 233 2646 253 2682; x_wconf 93' lang='lat'>1</span> <span class='ocrx_word' id='word_1_292' title='bbox 290 2642 506 2697; x_wconf 91' lang='lat' dir='ltr'>opinione</span> <span class='ocrx_word' id='word_1_293' title='bbox 549 2643 676 2685; x_wconf 71' lang='lat' dir='ltr'>libri:</span> <span class='ocrx_word' id='word_1_294' title='bbox 723 2657 789 2685; x_wconf 82' lang='lat' dir='ltr'>em</span> <span class='ocrx_word' id='word_1_295' title='bbox 829 2642 1044 2685; x_wconf 79' lang='lat' dir='ltr'>Burman</span> <span class='ocrx_word' id='word_1_296' title='bbox 1224 2646 1248 2684; x_wconf 83' lang='lat'>9</span> <span class='ocrx_word' id='word_1_297' title='bbox 1284 2643 1330 2684; x_wconf 87' lang='lat' dir='ltr'>et</span> <span class='ocrx_word' id='word_1_298' title='bbox 1374 2641 1798 2684; x_wconf 84' lang='lat' dir='ltr'>dissimulationem</span> 
     </span>
     <span class='ocr_line' id='line_1_37' title="bbox 112 2700 1796 2757; baseline -0.001 -13"><span class='ocrx_word' id='word_1_299' title='bbox 112 2701 206 2744; x_wconf 77' lang='lat' dir='ltr'>add</span> <span class='ocrx_word' id='word_1_300' title='bbox 239 2701 412 2757; x_wconf 71' lang='lat' dir='ltr'>Reyius</span> <span class='ocrx_word' id='word_1_301' title='bbox 557 2706 609 2744; x_wconf 89' lang='grc'>16</span> <span class='ocrx_word' id='word_1_302' title='bbox 644 2703 888 2744; x_wconf 87' lang='lat' dir='ltr'>accusator</span> <span class='ocrx_word' id='word_1_303' title='bbox 919 2701 961 2744; x_wconf 91' lang='lat' dir='ltr'>ei</span> <span class='ocrx_word' id='word_1_304' title='bbox 995 2701 1070 2744; x_wconf 89' lang='lat' dir='ltr'>dic</span> <span class='ocrx_word' id='word_1_305' title='bbox 1103 2709 1162 2744; x_wconf 86' lang='lat' dir='ltr'>P:</span> <span class='ocrx_word' id='word_1_306' title='bbox 1198 2700 1468 2744; x_wconf 88' lang='lat' dir='ltr'>accusatodi</span> <span class='ocrx_word' id='word_1_307' title='bbox 1498 2709 1578 2742; x_wconf 74' lang='lat' dir='ltr'>AG</span> <span class='ocrx_word' id='word_1_308' title='bbox 1610 2714 1796 2743; x_wconf 84' lang='lat' dir='ltr'>accusa-</span> 
     </span>
    </p>
   </div>
   <div class='ocr_carea' id='block_1_13' title="bbox 109 2759 1798 2936">
    <p class='ocr_par' dir='ltr' id='par_1_15' title="bbox 109 2759 1798 2936">
     <span class='ocr_line' id='line_1_38' title="bbox 110 2759 1797 2815; baseline 0.001 -14"><span class='ocrx_word' id='word_1_309' title='bbox 110 2759 201 2802; x_wconf 87' lang='lat' dir='ltr'>tori</span> <span class='ocrx_word' id='word_1_310' title='bbox 238 2768 273 2801; x_wconf 77' lang='lat' dir='ltr'><strong><em>V</em></strong></span> <span class='ocrx_word' id='word_1_311' title='bbox 300 2761 560 2803; x_wconf 84' lang='lat' dir='ltr'>accusatori</span> <span class='ocrx_word' id='word_1_312' title='bbox 593 2760 708 2803; x_wconf 89' lang='lat' dir='ltr'>dicit</span> <span class='ocrx_word' id='word_1_313' title='bbox 741 2769 792 2803; x_wconf 80' lang='lat' dir='ltr'><em>M</em></span> <span class='ocrx_word' id='word_1_314' title='bbox 941 2766 993 2803; x_wconf 85' lang='lat'>17</span> <span class='ocrx_word' id='word_1_315' title='bbox 1028 2760 1153 2803; x_wconf 81' lang='lat' dir='ltr'>Tulli</span> <span class='ocrx_word' id='word_1_316' title='bbox 1187 2760 1226 2802; x_wconf 91' lang='lat' dir='ltr'>si</span> <span class='ocrx_word' id='word_1_317' title='bbox 1259 2760 1372 2815; x_wconf 89' lang='lat' dir='ltr'>quid</span> <span class='ocrx_word' id='word_1_318' title='bbox 1405 2761 1573 2803; x_wconf 82' lang='lat' dir='ltr'>Halm:</span> <span class='ocrx_word' id='word_1_319' title='bbox 1616 2759 1797 2802; x_wconf 90' lang='lat' dir='ltr'>Tullius</span> 
     </span>
     <span class='ocr_line' id='line_1_39' title="bbox 109 2819 1798 2877; baseline 0.001 -16"><span class='ocrx_word' id='word_1_320' title='bbox 109 2819 275 2874; x_wconf 87' lang='lat' dir='ltr'>inquid</span> <span class='ocrx_word' id='word_1_321' title='bbox 309 2820 449 2874; x_wconf 85' lang='lat' dir='ltr'>(-quit</span> <span class='ocrx_word' id='word_1_322' title='bbox 486 2822 581 2874; x_wconf 71' lang='grc' dir='ltr'>ΓΜ)</span> <span class='ocrx_word' id='word_1_323' title='bbox 613 2828 783 2862; x_wconf 70' lang='lat' dir='ltr'><strong><em>AGVJ!</em></strong></span> <span class='ocrx_word' id='word_1_324' title='bbox 809 2819 935 2863; x_wconf 89' lang='lat' dir='ltr'>Tulli</span> <span class='ocrx_word' id='word_1_325' title='bbox 966 2819 1194 2875; x_wconf 88' lang='lat' dir='ltr'>numquid</span> <span class='ocrx_word' id='word_1_326' title='bbox 1227 2828 1271 2862; x_wconf 88' lang='lat' dir='ltr'><em>P</em></span> <span class='ocrx_word' id='word_1_327' title='bbox 1390 2824 1443 2861; x_wconf 85' lang='lat'>19</span> <span class='ocrx_word' id='word_1_328' title='bbox 1478 2820 1660 2877; x_wconf 83' lang='lat' dir='ltr'>causas]</span> <span class='ocrx_word' id='word_1_329' title='bbox 1694 2833 1798 2862; x_wconf 82' lang='lat' dir='ltr'>oras</span> 
     </span>
     <span class='ocr_line' id='line_1_40' title="bbox 111 2878 849 2936; baseline 0.003 -16"><span class='ocrx_word' id='word_1_330' title='bbox 111 2878 301 2922; x_wconf 74' lang='lat' dir='ltr'>Ennius</span> <span class='ocrx_word' id='word_1_331' title='bbox 422 2883 476 2921; x_wconf 82' lang='grc'>25</span> <span class='ocrx_word' id='word_1_332' title='bbox 511 2879 553 2923; x_wconf 90' lang='lat' dir='ltr'>ei</span> <span class='ocrx_word' id='word_1_333' title='bbox 579 2879 770 2936; x_wconf 68' lang='lat' dir='ltr'>Reyms:</span> <span class='ocrx_word' id='word_1_334' title='bbox 803 2882 849 2922; x_wconf 85' lang='lat' dir='ltr'>et</span> 
     </span>
    </p>
   </div>
  </div>
 </body>
</html>
