2007 3120
193 51 263 102 90
688 51 1060 103 QVINTILIANI
1089 49 1239 94 INST.
1274 49 1367 95 ΟΒ.

135 196 166 240 3
191 191 346 237 multo
385 189 542 252 magis
581 190 824 236 suadeam.
864 206 979 238 nam
1013 192 1061 237 et
1085 190 1411 237 excercebitur
1442 191 1600 238 acrius
1624 193 1859 238 memoria

193 262 354 310 aliena
393 263 758 323 complectendo
789 279 939 323 quam
976 278 1079 321 sua,
1119 266 1167 310 et
1198 264 1286 323 qui
1325 266 1468 311 erunt
1500 264 1551 309 in
1583 263 1858 312 difficiliore

191 336 335 383 huius
373 336 555 383 laboris
595 352 768 398 genere
801 337 998 394 versati,
1038 338 1140 383 sine
1172 337 1414 396 molestia,
1455 352 1579 397 quae
1611 337 1708 397 ipsi
1732 353 1858 384 corn-

191 409 458 469 posuerint,
496 410 596 456 iam
629 409 894 455 familiaria
927 411 1088 456 animo
1122 425 1209 456 suo
1242 409 1458 472 adfigent
1490 413 1536 457 et
1575 411 1861 458 adsuescent

194 484 392 541 optimis
432 498 715 543 semperque
755 483 1005 529 habebunt
1041 484 1174 529 intra
1213 498 1277 542 se,
1317 483 1445 543 quod
1494 483 1763 544 imitentur,
1811 486 1859 531 et
1906 503 1924 534 5

193 554 292 601 iam
330 572 428 603 non
468 556 730 603 sentientes
770 556 977 602 formam
1018 558 1254 602 orationis
1293 557 1453 616 illam,
1505 573 1652 617 quam
1698 559 1859 604 mente

137 633 166 677 4
192 631 389 688 penitus
444 631 731 689 acceperint,
794 630 1080 690 expriment.
1132 629 1449 676 abundabunt
1500 632 1666 677 autem
1719 631 1862 692 copia

194 703 452 750 verborum
492 704 790 762 optimorum
830 706 878 749 et
917 703 1265 763 compositione
1306 719 1362 750 ac
1401 703 1569 765 figuris
1619 703 1717 750 iam
1764 719 1860 750 non

196 776 444 837 quaesitis,
491 777 573 822 sed
627 778 797 836 sponte
846 778 893 821 et
941 793 998 822 ex
1050 778 1266 836 reposito
1319 777 1458 823 velut
1502 777 1765 824 thensauro
1811 792 1860 824 se

195 849 521 897 offerentibus.
577 849 764 896 accedit
808 849 885 895 his
932 853 981 895 et
1026 849 1242 896 iucunda
1287 851 1338 895 in
1394 865 1612 897 sermone
1665 850 1786 897 bene
1833 865 1862 896 a
1886 871 1928 902 10

196 939 389 984 quoque
429 923 671 970 dictorum
710 922 886 968 relatio
927 925 975 969 et
1013 923 1065 969 in
1105 925 1262 970 causis
1302 924 1456 970 utilis.
1504 939 1618 969 nam
1658 926 1706 970 et
1750 923 1861 984 plus

196 998 505 1043 auctoritatis
545 997 773 1042 adferunt
814 1011 885 1054 ea,
925 1012 1049 1056 quae
1088 1012 1184 1043 non
1224 998 1495 1058 praesentis
1547 999 1710 1058 gratia
1758 997 1861 1044 litis

195 1073 310 1117 sunt
349 1072 630 1131 conparata,
671 1073 718 1116 et
750 1069 943 1116 laudem
977 1085 1120 1131 saepe
1160 1070 1410 1129 maiorem,
1444 1086 1590 1130 quam
1623 1071 1665 1117 si
1695 1072 1864 1117 nostra

139 1152 166 1195 5
194 1145 307 1203 sint,
348 1144 624 1190 conciliant.
673 1143 938 1203 aliquando
977 1147 1142 1189 tamen
1182 1144 1565 1205 permittendum
1605 1159 1728 1204 quae
1767 1145 1864 1204 ipsi

195 1219 481 1278 scripserint
520 1217 692 1275 dicere,
743 1219 799 1262 ut
836 1216 1018 1263 laboris
1059 1218 1135 1264 sui
1179 1218 1396 1263 fructum
1450 1219 1597 1263 etiam
1653 1233 1709 1263 ex
1760 1217 1863 1275 illa,
1889 1237 1929 1268 15

197 1307 320 1352 quae
367 1292 575 1337 maxime
623 1291 823 1351 petitur,
870 1290 1013 1337 laude
1060 1291 1274 1351 plurium
1326 1293 1536 1352 capiant.
1593 1307 1758 1336 verum
1813 1290 1866 1337 id

196 1380 388 1425 quoque
426 1367 531 1410 tum
570 1364 677 1411 fieri
708 1364 968 1424 oportebit,
1009 1380 1119 1410 cum
1153 1364 1340 1424 aliquid
1365 1364 1664 1411 commodius
1698 1364 1863 1411 effla-

195 1440 370 1497 verint,
415 1440 471 1484 ut
525 1454 580 1485 eo
627 1438 762 1484 velut
807 1439 1027 1497 praemio
1075 1437 1227 1485 studii
1281 1437 1354 1484 sui
1413 1438 1652 1485 donentur
1707 1452 1762 1484 ac
1815 1452 1864 1484 se

194 1512 427 1559 meruisse
467 1514 522 1558 ut
560 1512 777 1558 dicerent
816 1511 1075 1573 gaudeant.

199 1638 300 1697 [AN
334 1636 657 1680 SECUNDUM
699 1636 791 1678 SUI
839 1635 1093 1739 ggffssgsil
1122 1635 1373 1753 ὃΙΙῙΓΪῚΟῇΕΝΙΙ
1418 1637 1717 1680 ΝΑΤΠΒΑΜ
1763 1637 1866 1680 Do-
1890 1649 1932 1679 20
1982 1699 1990 1706 ·

144 1812 168 1855 1
307 1807 442 1854 VIH.
498 1807 668 1853 Virtus
707 1807 1039 1867 praeceptoris
1079 1806 1247 1853 haberi
1296 1806 1441 1865 solet,
1491 1822 1578 1854 nec
1623 1807 1866 1868 inmerito,

198 1882 459 1943 diligenter
497 1881 548 1927 in
587 1882 663 1940 iis,
704 1895 824 1941 quos
858 1879 1144 1927 erudiendos
1178 1880 1457 1940 susceperit,
1497 1882 1666 1927 notare
1700 1880 1866 1927 discri-

198 1957 332 2003 mina
369 1956 695 2017 ingeniorum,
743 1956 792 2000 et
831 1969 926 2014 quo
975 1970 1212 2014 quemque
1253 1956 1433 2000 natura
1471 1955 1679 2000 maxime
1726 1954 1867 2012 ferat,
1996 2005 2007 2012 ,

198 2030 334 2077 scire.
374 2044 489 2074 nam
529 2031 602 2075 est
640 2027 692 2073 in
730 2028 821 2074 hoc
859 2027 1159 2074 incredibilis
1201 2027 1440 2087 quaedam
1490 2029 1726 2086 varietas,
1781 2042 1868 2074 nec
1892 2044 1932 2076 25
2001 2043 2007 2058 ³

141 2105 168 2148 2
199 2103 453 2164 pauciores
494 2102 771 2148 animorum
809 2116 964 2161 paene
1005 2116 1155 2161 quam
1195 2116 1452 2161 corporum
1491 2102 1688 2148 formae.
1739 2101 1868 2160 quod

197 2176 421 2238 intellegi
453 2176 604 2221 etiam
637 2191 692 2221 ex
723 2176 842 2235 ipsis
876 2174 1149 2222 oratoribus
1182 2177 1359 2234 potest,
1401 2175 1484 2234 qui
1515 2176 1710 2221 tantum
1729 2175 1869 2220 inter

199 2264 248 2296 se
289 2250 475 2295 distant
506 2263 681 2310 genere
713 2247 920 2307 dicendi,
960 2250 1015 2294 ut
1046 2263 1186 2295 nemo
1220 2248 1285 2294 sit
1317 2248 1462 2295 alteri
1485 2247 1673 2306 similis,
1699 2263 1869 2308 quam-

198 2325 272 2370 vis
323 2323 525 2383 plurimi
570 2337 620 2368 se
669 2321 729 2368 ad
785 2337 964 2382 eorum,
1022 2337 1144 2382 quos
1198 2321 1487 2382 probabant,
1542 2321 1867 2368 imitationem

143 2400 173 2443 3
200 2396 573 2457 composuerint.
614 2396 734 2459 utile
766 2395 947 2458 ‘deinde
986 2395 1231 2456 plerisque
1271 2396 1429 2441 visum
1470 2395 1877 2455 est‚im⁷*Qm-.
1893 2411 1934 2442 30

200 2486 293 2531 que
332 2459 699 2528 instituere,ut
737 2470 936 2530 propria
976 2470 1180 2515 naturae
1222 2469 1347 2515 bona
1386 2467 1869 2521 doctrianoverent

201 2547 249 2590 et
286 2543 337 2589 in
376 2542 428 2589 id
465 2541 776 2603 potissimum
813 2541 1027 2604 ingenia,
1069 2557 1163 2603 quo
1187 2541 1457 2600 tenderent,
1497 2541 1868 2604 adiuvarentur:

321 2733 344 2771 3
377 2729 551 2771 laboris
584 2729 771 2785 genere]
805 2728 985 2784 generis
1017 2727 1178 2771 labore
1210 2735 1253 2769 P
1284 2729 1289 2781 Ι
1326 2728 1680 2781 composuerunt
1710 2733 1756 2767 Β

201 2795 227 2831 4
260 2788 537 2831 familiarius
570 2795 613 2829 P
731 2791 756 2829 8
790 2787 862 2843 ac]
897 2789 942 2829 et
973 2795 1009 2828 A
1105 2791 1156 2828 16
1189 2785 1391 2841 plurium
1422 2792 1484 2827 B:
1517 2784 1766 2840 plui-imum
1790 2791 1874 2826 ΑΡ

323 2852 374 2889 17
407 2847 669 2889 limaverint
700 2846 876 2888 ΒἸΝΡ1
998 2850 1050 2887 32
1085 2845 1359 2887 adiuvarent
1391 2845 1578 2887 Meister
