2055 3130
243 60 350 112 326
737 61 1111 114 QVINTILIANI
1141 63 1205 106 [N
1209 63 1290 107 ST.
1324 63 1416 107 ΟΒ.

155 199 216 243 22
244 200 439 259 cidium,
494 200 677 260 caedes,
731 200 1030 261 veneficium,
1081 202 1323 262 quaedam
1376 202 1631 250 efficienda
1684 206 1809 251 sunt.
1862 204 1912 251 id

244 276 407 320 autem
447 273 702 336 contingit,
751 288 859 320 cum
905 276 1096 336 magnis
1144 275 1330 337 alioqui
1375 276 1516 322 malis
1564 277 1762 338 gravius
1810 292 1911 325 esse

241 346 307 405 id,
356 347 486 408 quod
535 347 664 408 passi
714 362 894 406 sumus,
946 347 1233 407 ostenditur,
1289 349 1434 409 quale
1490 352 1562 396 est
1609 350 1739 411 apud
1792 350 1911 397 Ver-

243 421 440 482 gilium:

391 489 437 540 ‘o
477 492 593 539 felix
631 508 729 538 una
770 496 882 539 ante
923 493 1046 540 alias
1085 494 1330 542 Priameia
1368 497 1522 558 virgo,

388 566 618 613 hostilem
657 565 718 612 ad
755 567 1002 613 tumulum
1041 567 1216 614 Troiae
1256 568 1344 615 sub
1383 569 1636 616 moenibus
1678 569 1792 616 altis

389 640 521 686 iussa
560 635 703 686 mori'
745 665 817 670 —

244 728 390 772 quam
431 713 576 759 miser
622 714 751 758 enim
799 727 936 760 casus
991 712 1378 773 Andromachae,
1434 717 1475 762 si
1531 718 1815 775 comparata
1868 717 1914 762 ei

155 784 216 828 23
242 785 360 831 felix
391 785 659 846 Polyxena:
701 788 787 833 aut
818 801 927 832 cum
951 786 1023 833 ita
1048 803 1399 850 exaggeramus
1424 789 1656 835 iniuriam
1680 791 1913 846 nostram,

240 860 297 905 ut
336 859 483 905 etiam
524 875 648 920 quae
673 859 829 906 multo
861 861 1053 906 minora
1085 863 1202 908 sunt
1231 862 1540 908 intoleranda
1572 861 1811 908 dicamus:
1852 857 1914 908 ‘si

239 932 501 993 pulsasses,
541 932 738 979 defendi
775 949 871 980 non
910 936 1128 993 poteras:
1176 932 1483 982 vulnerasti'.
1523 935 1607 981 sed
1645 936 1764 982 haec
1803 935 1912 981 dili-

242 1008 452 1067 gentius,
507 1021 619 1052 cum
659 1005 716 1052 de
758 1006 1138 1068 amplificatione
1179 1008 1408 1055 dicemus.
1464 1009 1664 1055 interim
1718 1011 1914 1055 notasse

242 1082 498 1126 contentus
546 1095 666 1137 sum,
713 1095 811 1126 non
863 1080 914 1126 id
965 1081 1121 1127 solum
1177 1097 1318 1144 agere
1374 1082 1609 1141 adfectus,
1663 1085 1731 1140 ut,
1788 1097 1914 1142 quae

241 1155 368 1211 sunt,
408 1153 728 1199 ostendantur
768 1153 942 1200 acerba
982 1169 1037 1200 ac
1075 1154 1313 1212 luctuosa,
1353 1155 1436 1201 sed
1475 1156 1625 1202 etiam
1672 1158 1741 1217 ut,
1788 1171 1912 1216 quae

240 1225 495 1273 toleranda
533 1225 704 1272 haberi
736 1227 908 1285 solent,
948 1229 1120 1289 gravia
1151 1227 1425 1287 videantur,
1464 1232 1522 1275 ut
1553 1244 1664 1276 cum
1688 1230 1740 1275 in
1765 1229 1912 1275 male-

242 1299 371 1346 dicto
410 1300 520 1360 plus
560 1301 771 1346 iniuriae
813 1316 961 1360 quam
998 1303 1050 1347 in
1090 1317 1254 1360 manu,
1301 1304 1352 1348 in
1391 1302 1598 1349 infamia
1643 1303 1754 1363 plus
1801 1317 1913 1363 poe-

154 1370 215 1414 24
242 1388 331 1419 nae
402 1372 608 1419 dicimus
680 1389 828 1433 quam
897 1375 947 1419 in
1017 1377 1184 1421 morte.
1272 1391 1480 1435 namque
1550 1377 1601 1421 in
1669 1375 1759 1422 hoc
1817 1376 1913 1422 elo-

243 1448 471 1506 quentiae
511 1447 584 1493 vis
626 1450 712 1504 est,
751 1450 806 1492 ut
844 1447 1055 1494 iudicem
1094 1464 1191 1495 non
1230 1450 1282 1494 in
1321 1449 1372 1494 id
1410 1453 1605 1496 tantum
1638 1449 1915 1510 compellat,

240 1520 290 1565 in
333 1520 462 1580 quod
500 1521 609 1581 ipsa
648 1521 719 1566 rei
765 1523 944 1567 natura
994 1521 1210 1580 ducetur,
1265 1522 1348 1568 sed
1398 1526 1484 1569 aut
1538 1524 1623 1583 qui
1675 1538 1773 1569 non
1828 1526 1913 1581 est,

242 1597 328 1639 aut
360 1595 593 1641 maiorem
629 1609 776 1654 quam
810 1597 883 1641 est
914 1594 1066 1642 faciat
1098 1595 1358 1642 adfectum.
1398 1596 1516 1642 haec
1549 1600 1621 1643 est
1652 1596 1755 1655 illa,
1789 1611 1913 1657 quae

243 1665 462 1723 ὃείνωσις
502 1670 718 1726 vocatur,
757 1667 899 1715 rebus
932 1668 1162 1730 indignis,
1204 1671 1402 1729 asperis,
1442 1670 1698 1717 invidiosis
1732 1669 1913 1717 addens

242 1742 342 1786 vim
383 1742 561 1799 oratio,
611 1756 707 1802 qua
761 1743 943 1788 virtute
999 1745 1194 1802 praeter
1249 1743 1370 1790 alias
1426 1744 1691 1803 plurimum
1737 1743 1912 1790 Demo·

243 1813 435 1861 sthenes
475 1814 645 1860 valuit.

154 1886 216 1930 25
354 1887 493 1943 Quod
533 1889 573 1934 si
612 1888 798 1935 tradita
836 1888 958 1934 mihi
997 1891 1134 1950 sequi
1173 1893 1433 1951 praecepta
1473 1889 1730 1948 sufficeret,
1771 1892 1911 1937 satis-

242 1961 450 2008 feceram
484 1961 595 2008 huic
627 1963 773 2022 parti,
813 1962 937 2008 nihil
969 1978 1148 2022 eorum,
1190 1979 1312 2024 quae
1346 1963 1446 2026 legi
1477 1964 1554 2010 vel
1586 1963 1748 2023 didici,
1781 1963 1915 2025 quod
1939 1982 1957 2012 2

242 2034 385 2081 modo
426 2035 677 2095 probabile
709 2035 818 2094 fuit,
859 2036 1151 2083 omittendo:
1193 2037 1276 2083 sed
1308 2053 1528 2098 promere
1560 2037 1609 2082 in
1644 2039 1807 2084 animo
1841 2040 1914 2085 est

245 2123 368 2168 quae
406 2109 564 2155 latent
604 2112 653 2155 et
690 2110 885 2169 penitus
932 2111 1041 2170 ipsa
1080 2110 1224 2157 huius
1264 2110 1358 2157 loci
1399 2112 1586 2171 aperire
1626 2111 1914 2171 penetralia,

244 2197 367 2242 quae
409 2182 606 2242 quidem
654 2199 751 2230 non
798 2183 964 2243 aliquo
1013 2184 1252 2243 tradente,
1298 2184 1382 2231 sed
1429 2186 1758 2245 experimento
1806 2200 1913 2231 meo

156 2253 218 2297 26
245 2270 298 2301 ac
338 2259 517 2302 natura
554 2257 663 2316 ipsa
703 2256 823 2304 duce
863 2259 1040 2318 accepi.
1083 2272 1271 2304 summa
1323 2257 1471 2315 enim,
1527 2262 1766 2319 quantum
1821 2271 1913 2319 ego

245 2329 441 2388 quidem
480 2331 652 2387 sentio,
693 2331 819 2376 circa
859 2330 1121 2378 movendos
1162 2331 1380 2378 adfectus
1421 2332 1471 2377 in
1512 2332 1601 2378 hoc
1631 2333 1794 2391 posita
1826 2335 1912 2391 est,
1939 2350 1956 2380 3

242 2406 296 2447 ut
338 2418 622 2449 moveamur
660 2404 768 2463 ipsi.
810 2419 925 2450 nam
966 2408 1013 2450 et
1051 2405 1211 2451 luctus
1253 2410 1301 2452 et
1340 2405 1440 2451 irae
1476 2409 1522 2451 et
1557 2405 1912 2468 indignationis

363 2577 387 2614 3
420 2573 532 2615 Aen.
567 2577 605 2626 3,
640 2577 721 2615 321

365 2739 414 2776 12
450 2735 505 2777 de
532 2734 892 2790 amplificatione
917 2737 1083 2780 Halm:
1107 2736 1166 2778 ad
1193 2749 1295 2779 eam
1321 2736 1730 2791 amplificationem
1792 2737 1912 2780 dice-

241 2807 342 2835 mus
367 2801 498 2835 ΛΕΜ
523 2794 779 2836 venerimus
815 2795 1021 2838 dicemus
1047 2795 1145 2838 PT²
1170 2795 1374 2839 venimus
1401 2795 1604 2838 dicemus
1628 2814 1658 2846 9
1681 2796 1913 2838 veniemus

244 2852 330 2895 dic.
364 2860 398 2893 Γ
512 2857 566 2896 26
598 2866 806 2909 promere
839 2854 1047 2898 Dleister:
1078 2868 1200 2897 mere
1233 2862 1266 2895 A
1300 2867 1403 2897 vere
1434 2862 1517 2905 yn
1545 2854 1660 2897 mihi
1693 2862 1774 2896 ΡΥ

1939 880 1980 911 10

1940 1247 1981 1278 15

1940 1615 1981 1644 20
