2055 3130
503 71 557 113 V.
592 75 632 123 2,
666 74 794 113 1—5.
829 74 869 122 3,
904 74 942 112 1.
977 74 1016 122 4,
1053 73 1179 112 1—2.
1221 73 1262 123 5,
1298 73 1424 111 1—2.
1696 67 1803 118 287

266 204 365 262 [DE
398 202 568 246 FAMA
599 201 800 253 ATQUE
833 199 1102 244 RUMOR-E.
1166 201 1246 243 DE
1279 199 1662 257 TORMENTISJ

227 285 319 331 III.
358 284 592 331 Famam
633 285 810 342 atque
849 298 1104 329 rumores
1151 297 1266 342 pars
1315 282 1472 328 altera
1513 296 1802 328 consensum
1837 287 1861 329 1

117 358 336 406 civitatis
376 362 424 404 et
463 357 595 403 velut
633 356 886 416 publicum
924 355 1264 402 testimonium
1302 358 1461 413 vocat,
1510 355 1667 401 altera
1707 369 1807 401 ser-

116 448 311 479 monem
351 433 454 478 sine
493 431 595 477 ullo
637 434 767 477 certo
810 432 1008 477 auctore
1049 430 1336 491 dispersum,
1386 428 1464 476 6111
1514 429 1804 490 malignitas

71 524 91 555 5
116 506 315 552 initium
356 504 558 562 dederit,
612 505 969 550 incrementum
1021 504 1302 562 credulitas,
1350 503 1482 563 quod
1530 502 1656 548 nulli
1706 517 1806 548 non

52 604 55 609 ·
117 579 267 625 etiam
328 578 731 625 innocentissimo
784 580 942 639 possit
997 578 1215 625 accidere
1266 577 1437 624 fraude
1493 577 1807 622 inimicorum

48 893 91 924 10

116 653 244 700 falsa
278 653 605 714 vulgantium.
647 652 870 712 exempla
901 652 1150 712 utrimque
1176 667 1275 698 non
1304 651 1524 709 deerunt,
1556 650 1641 696 IV.
1676 651 1803 698 sicut
1836 656 1862 698 1

114 729 169 773 in
202 728 520 773 tormentis
562 742 770 786 quoque,
814 728 898 786 qui
938 730 1011 773 est
1051 726 1186 773 106115
1211 726 1654 786 frequent-issimus,
1696 739 1805 770 cum

114 816 229 861 pars
271 801 429 847 altera
468 802 806 861 quaestionem
853 815 971 846 vera-
1018 799 1210 846 fatendi
1256 801 1600 846 necessitatem
1647 801 1806 857 vocet,

118 875 274 921 altera
300 890 444 934 saepe
472 876 622 921 etiam
647 889 847 921 causam
871 874 997 921 falsa
1024 874 1231 933 dicendi,
1266 874 1397 934 quod
1423 873 1533 920 aliis
1559 872 1806 934 patientia

53 978 56 993 2
115 949 261 995 facile
300 949 611 995 mendacium
651 948 819 1007 faciat,
861 948 972 995 aliis
1013 948 1276 995 infirmitas
1301 948 1643 994 necessarium.
1686 946 1808 1007 quid

48 1633 91 1664 20

50 2447 94 2479 30

117 1024 298 1069 attinet
337 1023 395 1069 de
434 1022 510 1069 his
549 1021 726 1083 plura?
782 1022 959 1084 plenae
1008 1025 1121 1068 sunt
1169 1023 1415 1069 orat-iones
1470 1023 1693 1068 veterum
1750 1036 1806 1067 36

115 1112 369 1143 novorum.
438 1097 680 1156 quaedam
733 1100 900 1143 tamen
954 1098 1006 1142 in
1060 1097 1153 1143 hac
1206 1098 1348 1156 parte
1404 1098 1546 1142 erunt
1599 1096 1803 1156 propria

117 1173 351 1231 cuiusque
390 1171 511 1218 litis.
560 1187 676 1218 nam
725 1172 827 1217 sive
884 1171 942 1217 de
992 1170 1219 1218 habenda
1275 1171 1561 1231 quaestione
1618 1172 1807 1232 agetur,

1836 1099 1865 1142 [θ

73 1263 90 1294 5
116 1245 386 1306 plurimum
424 1244 665 1303 intererit,
718 1246 827 1306 quis
869 1248 917 1291 et
958 1261 1103 1306 quem
1141 1245 1360 1305 postulet
1401 1246 1487 1290 aut
1534 1243 1707 1291 offerat
1759 1246 1808 1290 et

115 1321 168 1365 in
208 1335 354 1380 quem
394 1322 443 1366 et
483 1335 540 1366 ex
580 1335 678 1380 qua
718 1334 886 1366 causa:
929 1321 1029 1365 sive
1069 1321 1170 1365 iam
1219 1320 1312 1365 erit
1357 1318 1553 1377 habita,
1603 1319 1711 1378 quis
1762 1318 1808 1363 ei

114 1393 400 1454 praefuerit,
457 1394 568 1454 quis
625 1395 673 1440 et
730 1409 824 1453 quo
879 1393 1025 1441 modo
1082 1394 1148 1440 sit
1201 1396 1377 1452 tortuS,
1433 1408 1496 1439 an
1551 1391 1808 1439 credibilia

116 1467 308 1526 dixerit,
365 1483 427 1514 an
466 1469 596 1514 inter
636 1484 684 1515 se
737 1469 1031 1526 constant-ia,
1087 1484 1147 1513 an
1198 1468 1590 1529 perseveraverit
1631 1467 1684 1512 in
1735 1482 1807 1524 eo,

117 1541 249 1602 quod
289 1544 533 1601 coeperat,
575 1558 638 1588 an
679 1541 870 1602 aliquid
910 1542 1076 1589 dolore
1116 1543 1407 1600 mutaverit,
1454 1542 1617 1601 prima
1663 1544 1806 1601 parte

116 1616 418 1676 quaestionis
472 1632 535 1662 an
589 1616 883 1676 procedente
935 1616 1169 1663 cruciatu.
1228 1631 1353 1676 quae
1402 1616 1652 1675 utrimque
1702 1617 1808 1661 tam

115 1688 313 1737 infinita
360 1692 476 1736 sunt
515 1705 665 1751 quam
703 1692 813 1750 ipsa
852 1706 1017 1736 rerum
1055 1690 1285 1737 varietas.

747 1815 846 1872 [DE
880 1815 1168 1874 TABULIS]

227 1911 288 1958 V.
331 1911 512 1958 Contra
552 1911 792 1959 tabulas
835 1928 1027 1973 quoque
1069 1928 1214 1973 saepe
1255 1912 1517 1958 dicendum
1556 1914 1644 1971 est,
1693 1927 1803 1958 cum
1837 1914 1863 1957 1

117 2001 198 2033 eas
238 2002 338 2032 non
377 1987 536 2033 solum
567 1986 744 2045 refelli,
785 1987 869 2033 sed
901 1988 1052 2034 etiam
1085 1987 1306 2033 accusari
1330 1988 1541 2033 sciamus
1564 1987 1808 2033 usitatum

73 2077 91 2109 5
118 2075 234 2108 esse.
288 2076 398 2107 cum
439 2062 504 2107 sit
545 2063 712 2107 autem
761 2062 814 2107 in
868 2061 945 2107 his
1002 2064 1087 2108 aut
1142 2061 1299 2108 scelus
1355 2062 1663 2122 signatorum
1721 2062 1808 2106 aut

115 2134 414 2197 ignorantia,
454 2136 612 2181 tutius
654 2150 710 2181 36
749 2135 945 2181 facilius
985 2135 1058 2195 id,
1111 2135 1243 2195 quod
1282 2135 1493 2182 secundo
1533 2136 1641 2181 loco
1683 2134 1807 2181 dixi-

115 2223 240 2267 mus,
278 2210 539 2268 tractatur,
592 2209 724 2270 quod
762 2210 1018 2270 pauciores
1057 2211 1130 2256 rei
1178 2209 1318 2255 fiunt.
1367 2209 1453 2256 sed
1498 2209 1587 2256 hoc
1639 2209 1803 2269 ipsum
1836 2210 1865 2253 2

119 2286 411 2344 argumenta
452 2299 508 2330 ex
548 2298 696 2330 causa
735 2283 907 2343 trahit,
948 2285 990 2330 si
1027 2284 1155 2330 forte
1197 2287 1286 2330 aut
1323 2283 1611 2330 incredibile
1652 2285 1724 2330 est
1756 2282 1808 2329 id

119 2359 286 2403 actum
326 2371 443 2416 esse,
496 2357 629 2417 quod
666 2357 869 2404 tabulae
909 2359 1186 2417 continent,
1239 2360 1346 2419 aut,
1395 2360 1452 2403 ut
1497 2357 1807 2418 frequentius

121 2432 301 2490 evenit,
341 2432 452 2478 aliis
484 2431 860 2491 probationibus
894 2448 1047 2493 aeque
1078 2432 1476 2479 inartificialibus
1510 2432 1734 2491 solvitur,
1767 2433 1810 2478 si

240 2591 264 2628 6
299 2586 443 2629 etiam
487 2587 887 2630 continentissimo
920 2596 957 2629 A
1082 2592 1105 2630 7
1145 2588 1442 2644 vulgant-ium
1491 2589 1547 2631 Vt
1586 2587 1668 2631 P2:
1709 2587 1807 2629 vul-

120 2644 304 2701 garium
333 2646 481 2688 ABP1
663 2651 687 2689 8
720 2647 770 2689 111
808 2655 898 2689 ΒΡ
940 2648 1019 2691 Vt:
1059 2662 1129 2691 om
1161 2656 1198 2689 A
1381 2652 1433 2690 12
1477 2648 1602 2702 quod
1641 2646 1807 2702 plenae

119 2712 158 2745 A
190 2704 358 2759 quibus
390 2705 557 2760 plenae
590 2706 816 2763 Spaldiny
999 2712 1053 2749 16
1088 2709 1134 2749 et
1166 2721 1222 2749 ex
1252 2716 1315 2748 ab
1357 2709 1435 2750 Vt.-
1478 2721 1533 2748 ex
1564 2714 1692 2748 ABP

124 2768 177 2805 18
211 2777 309 2806 sese
340 2772 377 2805 ,1
406 2767 411 2818 Ι
440 2778 500 2806 311
532 2766 625 2808 add
667 2767 722 2809 Vt
844 2770 896 2808 19
930 2766 1182 2809 mutaverit
1212 2774 1257 2808 P
1294 2767 1373 2809 Vt:
1410 2766 1606 2808 mutarit
1637 2773 1722 2807 AB

120 2826 177 2864 23
211 2835 349 2877 saepe
374 2823 623 2866 dicendum
648 2838 785 2880 saepe
806 2824 984 2868 dictum
1001 2828 1071 2868 est
1094 2833 1184 2867 BP
1203 2826 1280 2869 sed
1303 2826 1355 2879 cf
1382 2827 1438 2868 Vt
1465 2826 1470 2882 Ι
1499 2825 1622 2880 quod
1641 2839 1745 2867 cum
1770 2833 1809 2865 Α

241 2885 296 2923 26
330 2883 404 2940 ac]
439 2885 519 2925 aut
550 2883 654 2925 ΑΡ1
