2055 3130
190 79 295 131 116
729 78 1102 131 QVINTILLAM
1129 77 1281 121 INST.
1315 77 1408 122 ΟΒ.

101 221 161 266 25
188 215 415 265 teneam'.
467 220 515 264 et
553 217 769 264 medicus
802 217 1067 264 sanitatem
1107 218 1244 278 aegri
1279 218 1426 278 petit:
1482 218 1524 263 si
1571 220 1736 264 tamen
1776 220 1863 264 aut

184 291 489 338 valetudinis
539 292 590 337 vi
639 293 724 337 aut
772 291 1154 350 intemperantia
1208 290 1344 351 'aegri
1395 291 1554 337 aliove
1604 306 1699 351 quo
1746 304 1862 338 casu

184 381 377 413 summa
416 380 513 410 non
552 364 810 425 contingit,
849 363 965 408 dum
995 365 1099 423 ipse
1132 365 1295 409 omnia
1327 363 1591 410 secundum
1620 363 1860 410 rationem

184 438 371 497 fecerit,
410 437 681 484 medicinae
711 435 806 482 fine
838 452 937 482 non
969 436 1170 483 excidet.
1210 437 1282 482 ita
1314 436 1498 483 oratori
1528 436 1648 482 bene
1682 436 1860 483 dixisse

184 511 295 558 finis
336 512 422 557 est.
462 526 578 557 nam
619 513 691 556 est
731 524 808 556 ars
849 525 920 570 ea,
961 512 1020 556 ut
1051 512 1161 570 post
1200 509 1404 570 paulum
1427 510 1606 557 clarius
1639 509 1859 556 ostende-

98 586 161 629 26
184 599 307 643 mus,
345 583 397 629 in
437 586 549 630 actu
588 584 767 644 posita,
804 599 904 629 non
941 583 991 628 in
1034 582 1220 629 effectu.
1269 583 1342 629 ita
1379 582 1560 628 falsum
1600 584 1693 629 erit
1737 582 1861 628 illud

188 672 396 718 quoque,
439 657 569 717 quod
608 656 801 716 dicitur,
842 658 971 703 artes
1011 657 1149 714 scire,
1191 655 1388 716 quando
1428 657 1526 702 sint
1564 655 1710 702 finem
1749 671 1859 702 con-

187 733 399 783 secutae,
439 730 715 776 rhetoricen
754 731 959 776 nescire:
1012 744 1126 775 nam
1174 744 1222 776 se
1273 730 1478 790 quisque
1528 728 1649 775 bene
1701 729 1860 775 dicere

184 804 454 865 intelleget.
493 805 570 850 uti
602 803 752 850 etiam
782 803 918 850 vitiis
949 802 1237 862 rhetoricen,
1266 802 1398 863 quod
1424 817 1502 848 ars
1535 802 1671 848 nulla
1695 803 1861 862 faciat,

188 877 533 935 criminantur,
602 877 717 937 quia
773 878 821 922 et
870 876 1050 922 falsum
1101 875 1233 922 dicat
1284 877 1332 922 et
1381 875 1601 922 adfectus
1651 877 1859 922 moveat.

100 952 158 994 ⁶27
188 966 394 1010 quorum
432 954 659 997 neutrum
700 952 771 997 est
810 952 969 1009 turpe,
1024 964 1132 995 cum
1173 965 1229 995 ex
1268 948 1396 996 bona
1435 950 1626 995 ratione
1669 948 1862 1010 profici-

187 1023 354 1082 scitur,
378 1023 583 1084 ideoque
608 1039 696 1070 nec
721 1024 912 1069 vitium.
954 1038 1068 1069 nam
1101 1026 1149 1069 et
1180 1021 1490 1069 mendacium
1523 1022 1680 1068 dicere
1713 1023 1863 1069 etiam

188 1098 401 1157 sapienti
442 1096 704 1157 aliquando
746 1111 1022 1143 concessum
1064 1098 1152 1155 est,
1193 1098 1241 1143 et
1280 1095 1515 1154 adfectus,
1558 1095 1599 1142 si
1625 1096 1768 1142 aliter
1801 1095 1863 1142 ad

188 1171 488 1230 aequitatem
526 1170 729 1230 perduci
765 1169 910 1217 iudex
949 1185 1047 1216 non
1085 1170 1284 1230 poterit,
1334 1169 1605 1216 necessario
1648 1168 1862 1216 movebit

128 1248 132 1251 ’
189 1246 376 1290 orator:
415 1244 634 1304 imperiti
674 1243 802 1290 enim
841 1243 1064 1290 iudicant
1111 1245 1159 1288 et
1211 1243 1295 1302 qui
1340 1243 1623 1301 frequenter
1671 1243 1721 1288 in
1771 1242 1862 1289 hoc

102 1317 163 1361 28
187 1318 348 1378 ipsum
390 1317 595 1363 fallendi
634 1318 749 1375 sint,
788 1333 848 1364 ne
891 1319 1065 1363 errent.
1112 1331 1228 1362 nam
1268 1316 1309 1362 si
1347 1315 1469 1361 mihi
1508 1317 1752 1376 sapientes
1790 1315 1863 1361 iu-

189 1390 318 1437 dices
358 1389 550 1449 dentur,
595 1391 890 1450 sapientium
930 1390 1178 1437 contiones
1220 1392 1369 1449 atque
1410 1404 1549 1435 omne
1591 1388 1863 1450 consilium,

189 1463 314 1509 nihil
352 1463 540 1509 invidia
580 1465 759 1524 valeat,
797 1463 923 1509 nihil
962 1464 1139 1523 gratia,
1178 1462 1302 1508 nihil
1343 1463 1507 1523 opinio
1548 1464 1864 1524 praesumpta

190 1537 400 1617 falsique
439 1540 610 1584 testes.
658 1552 896 1597 perquam
944 1537 1006 1583 sit
1048 1538 1248 1597 exiguus
1289 1536 1595 1596 eloquentiae
1635 1536 1768 1583 locus
1815 1538 1864 1582 et

103 1610 164 1654 29
189 1625 341 1671 prope
380 1611 429 1655 in
469 1610 574 1657 sola
613 1610 937 1658 delectatione
976 1613 1200 1669 ponatur.
1241 1611 1316 1656 sin
1349 1612 1398 1656 et
1423 1609 1728 1656 audientium
1760 1625 1860 1656 mo-

189 1683 310 1730 biles
352 1685 503 1730 animi
542 1686 591 1731 et
628 1687 705 1731 tot
743 1684 885 1730 malis
927 1683 1137 1731 obnoxia
1168 1684 1364 1740 veritas,
1406 1686 1510 1729 arte
1541 1682 1862 1745 pugnandum

191 1759 264 1804 est
303 1759 351 1803 et
390 1756 664 1803 adhibenda
707 1773 829 1818 quae
869 1759 1094 1817 prosunt:
1135 1772 1289 1816 neque
1331 1757 1458 1802 enim
1500 1758 1584 1817 qui
1615 1760 1750 1803 recta
1780 1757 1862 1803 via

192 1830 422 1891 depulsus
462 1834 549 1889 est,
588 1830 752 1877 reduci
793 1830 854 1877 ad
894 1846 1001 1876 eam
1040 1830 1133 1876 nisi
1174 1830 1271 1876 alio
1312 1829 1439 1875 flexu
1479 1832 1654 1889 potest.

103 1904 167 1948 30
301 1903 520 1950 Plurima
561 1920 674 1951 vero
715 1920 770 1951 ex
809 1905 900 1950 hoc
941 1908 1110 1951 contra
1148 1904 1422 1950 rhetoricen
1476 1904 1726 1950 cavillatio
1775 1906 1862 1963 est,

193 1976 326 2037 quod
366 1993 421 2024 ex
461 1981 671 2038 utraque
712 1993 885 2024 causae
924 1981 1065 2038 parte
1105 1976 1307 2029 dicatur.
1348 1977 1461 2023 inde
1492 1976 1632 2023 haec:
1672 1977 1863 2023 nullam

193 2065 295 2097 esse
336 2054 490 2097 artem
530 2052 827 2097 contrariam
853 2051 961 2109 sibi,
1000 2051 1272 2097 rhetoricen
1298 2065 1399 2097 esse
1425 2051 1723 2096 contrariam
1747 2050 1863 2112 sibi3

192 2123 378 2170 nullam
421 2127 575 2170 artem
615 2124 861 2171 destruere
902 2123 1034 2184 quod
1066 2123 1292 2182 effecerit,
1333 2123 1549 2170 accidere
1581 2123 1672 2170 hoc
1702 2124 1864 2171 rheto-

192 2197 316 2244 rices
357 2197 504 2258 operi.
552 2199 673 2244 item
707 2202 794 2244 aut
827 2197 1031 2244 dicenda
1065 2212 1172 2243 eam
1204 2196 1373 2243 docere
1399 2199 1604 2243 autnon
1637 2197 1864 2243 dicenda:

192 2272 266 2317 ita
305 2270 383 2317 vel
422 2286 510 2331 per
546 2271 639 2317 hoc
677 2286 775 2318 non
807 2286 910 2317 esse
952 2273 1120 2329 artem,
1160 2270 1289 2330 quod
1324 2286 1420 2317 non
1452 2269 1655 2316 dicenda
1679 2272 1865 2330 praeci-

193 2345 315 2403 piat,
354 2344 432 2390 vel
471 2360 557 2405 per
595 2344 699 2403 hoc,
751 2344 895 2404 quod,
947 2359 1055 2391 cum
1095 2343 1300 2390 dicenda
1347 2345 1665 2404 praeceperit,
1714 2345 1864 2390 etiam
1889 2359 1907 2390 3

106 2416 167 2460 31
195 2419 441 2464 contraria
481 2418 554 2465 his
595 2418 778 2464 doceat.
821 2433 946 2478 quae
985 2419 1147 2464 omnia
1188 2419 1394 2478 apparet
1432 2416 1489 2464 de
1530 2433 1587 2463 ea
1623 2418 1864 2464 rhetorice

196 2490 308 2549 dici,
349 2506 473 2551 quae
513 2493 577 2538 sit
617 2507 645 2538 a
683 2491 810 2538 bono
850 2492 956 2538 viro
997 2494 1143 2551 atque
1177 2491 1236 2537 ab
1268 2492 1376 2551 ipsa
1406 2490 1588 2537 virtute
1620 2493 1864 2538 seiuncta:

317 2636 337 2672 1
373 2631 500 2686 aegri
531 2630 671 2688 petit]
707 2644 843 2685 aegro
868 2630 1102 2686 promittit
1134 2639 1200 2672 Ab
1305 2635 1331 2672 4
1364 2630 1538 2673 excidit
1561 2638 1631 2672 Pb
1738 2634 1762 2673 9
1795 2630 1865 2672 111-

197 2688 371 2745 telligit
404 2697 446 2730 P
592 2694 644 2731 12
677 2690 781 2746 nec]
820 2692 1036 2732 neutrum
1066 2697 1103 2730 Α
1255 2693 1307 2731 16
1341 2689 1453 2745 sint]
1485 2691 1593 2731 sunt
1624 2695 1721 2731 ΡΝ

198 2752 249 2789 17
285 2747 531 2790 concilium
563 2755 606 2790 P
738 2752 792 2790 24
825 2761 880 2791 ex
911 2761 963 2790 eo
995 2755 1084 2790 BP
1211 2753 1264 2790 27
1299 2747 1533 2791 destruere
1563 2747 1685 2790 :11222
1732 2747 1866 2790 resti-

195 2808 325 2848 tuere
357 2807 464 2848 BPl
642 2811 696 2848 ‘29
730 2806 818 2864 ita]
857 2807 1017 2860 itaque
1048 2815 1085 2848 Α
1128 2809 1134 2862 Ι
1177 2806 1247 2850 vel
1285 2819 1368 2861 per
1398 2807 1485 2849 hoc
1519 2832 1573 2838 —
1604 2806 1867 2862 praecipiat

197 2878 267 2907 om
299 2872 344 2907 B
367 2867 374 2921 Ι
401 2864 677 2922 praecipiat]
710 2865 1001 2920 praeceperit
1033 2873 1076 2908 P

1886 892 1929 923 10

1888 1257 1930 1289 15

1888 1625 1930 1656 20

1888 1992 1931 2024 25
