2055 3130
250 64 354 115 174
740 64 1114 116 QVINTILIANI
1142 64 1291 108 INST.
1326 65 1418 109 ΟΒ.

159 205 221 248 59
247 203 420 265 legalis
460 205 697 251 materiae
735 205 895 251 facere
935 203 1261 251 elaborarunt.
1304 220 1392 266 ego
1416 220 1562 265 porro
1587 207 1643 251 ut
1665 207 1917 266 prooemio
1975 248 1981 253 .

245 276 387 324 video
427 293 524 324 non
564 278 734 337 utique
782 292 902 338 opus
951 291 1052 324 esse
1104 277 1336 325 suasoriis
1389 280 1590 338 propter
1641 294 1761 339 quas
1816 279 1919 326 dixi

245 365 393 410 supra
434 364 620 409 causas,
658 350 731 397 ita
771 366 855 397 cur
893 351 1037 396 initio
1077 351 1259 397 furiose
1299 351 1363 397 sit
1403 351 1774 398 exclamandum
1819 368 1917 400 non

245 423 496 484 intellego,
536 438 644 469 cum
684 425 938 484 proposita
979 424 1337 470 consultatione
1375 427 1576 486 rogatus
1608 427 1917 484 sententiam,

245 498 287 542 si
325 496 469 543 modo
511 499 585 543 est
617 512 781 556 sanus,
820 513 917 543 non
952 497 1169 557 quiritet,
1209 497 1293 543 sed
1334 513 1481 557 quam
1511 499 1722 544 maxime
1753 501 1918 558 potest

245 570 382 616 civili
421 572 470 616 et
519 568 734 616 humano
782 570 1004 631 ingressu
1057 571 1234 616 mereri
1289 570 1546 617 adsensum
1601 570 1916 618 deliberantis

154 644 221 687 60
245 643 377 689 velit.
420 657 506 688 cur
544 645 706 689 autem
747 645 936 689 torrens
977 645 1025 690 et
1062 644 1234 703 utique
1266 644 1538 703 aequaliter
1569 646 1814 691 concitata
1852 645 1918 692 sit

244 715 294 760 in
335 731 391 762 ea
432 716 637 763 dicentis
685 716 865 774 oratio,
921 732 1030 763 cum
1085 717 1164 763 vel
1218 718 1477 778 praecipue
1531 718 1916 764 moderationem

244 790 454 836 consilia
485 788 794 836 desiderent?
832 805 989 850 neque
1022 805 1110 851 ego
1143 791 1425 852 negaverim
1450 792 1643 850 saepius
1669 791 1917 838 subsidere

243 864 296 908 in
351 863 693 910 controversiis
751 864 993 924 impetum
1048 863 1238 910 dicendi
1292 865 1564 925 prooemio,
1619 865 1916 925 narratione,

246 938 561 997 argumentis,
588 952 711 996 quae
738 938 777 982 si
803 936 1046 996 detrahas,
1072 936 1121 983 id
1147 937 1246 983 fere
1272 939 1527 997 supererit,
1554 953 1649 998 quo
1668 940 1917 984 suasoriae

245 1012 485 1068 constant,
525 1025 691 1056 verum
733 1010 784 1056 id
824 1026 1018 1071 quoque
1059 1010 1316 1070 aequalius
1357 1012 1464 1069 erit,
1509 1027 1605 1057 non
1645 1011 1915 1058 tumultuo-

155 1082 215 1126 61
246 1083 345 1129 sius
386 1087 536 1144 atque
582 1083 841 1131 turbidius.
890 1083 1150 1131 verborum
1199 1086 1362 1130 autem
1408 1084 1773 1145 magnificentia
1817 1100 1916 1131 non

244 1156 456 1203 validius
497 1160 570 1203 est
609 1157 901 1204 adfectanda
941 1159 1185 1204 suasorias
1227 1157 1627 1216 declamantibus,
1682 1157 1765 1204 sed
1805 1173 1915 1204 con-

242 1231 393 1292 tingit
431 1231 602 1292 magis.
659 1247 771 1277 nam
825 1233 872 1277 et
917 1246 1152 1291 personae
1206 1231 1305 1277 fere
1359 1246 1565 1292 magnae
1619 1230 1915 1293 fingentibus

242 1303 452 1363 placent,
476 1319 660 1365 regum,
686 1304 978 1364 principum,
1004 1306 1214 1361 senatus,
1248 1305 1432 1364 populi,
1458 1307 1506 1350 et
1529 1319 1605 1351 res
1631 1304 1916 1364 ampliores:

244 1378 316 1423 ita
356 1392 466 1423 cum
505 1377 654 1424 verba
692 1378 835 1424 rebus
875 1380 1121 1437 aptentur,
1161 1379 1267 1437 ipso
1306 1377 1542 1423 materiae
1574 1379 1732 1424 nitore
1765 1377 1917 1424 clare-

160 1450 222 1493 62
251 1453 403 1496 scunt.
445 1451 544 1496 alia
583 1452 710 1498 veris
751 1451 969 1498 consiliis
1008 1452 1136 1497 ratio
1178 1452 1264 1508 est,
1304 1451 1510 1511 ideoque
1551 1451 1916 1511 Theophrastus

245 1539 392 1582 quam
431 1526 642 1571 maxime
681 1527 920 1571 remotum
962 1523 1022 1570 ab
1063 1524 1195 1571 omni
1237 1523 1563 1570 adfectatione
1603 1524 1653 1570 in
1679 1524 1916 1570 delibera-

241 1599 345 1643 tivo
385 1613 559 1659 genere
599 1598 756 1645 voluit
795 1613 897 1645 esse
929 1613 1213 1655 sermonem,
1253 1601 1444 1644 secutus
1484 1599 1535 1643 in
1567 1598 1657 1644 hoc
1705 1599 1912 1644 auctori-

243 1672 398 1716 tatem
436 1673 767 1732 praeceptoris
809 1673 906 1730 sui,
960 1686 1263 1731 quamquam
1305 1671 1563 1718 dissentire
1610 1671 1671 1718 ab
1720 1687 1774 1718 eo
1818 1687 1917 1718 non

155 1746 217 1790 63
243 1744 415 1790 timide
456 1745 591 1792 solet.
632 1761 842 1806 namque
880 1744 1171 1792 Aristoteles
1211 1745 1434 1791 idoneam
1475 1746 1685 1791 maxime
1712 1744 1775 1791 ad
1799 1745 1915 1792 scri-

242 1817 456 1864 bendum
511 1818 944 1866 demonstrativam
993 1820 1365 1879 proximamque
1420 1817 1479 1864 ab
1528 1834 1584 1864 ea
1630 1818 1915 1865 iudicialem

243 1891 454 1951 putavit,
508 1892 736 1940 videlicet
785 1894 1018 1953 quoniam
1063 1894 1199 1952 prior
1243 1892 1334 1938 illa
1378 1895 1486 1939 tota
1532 1895 1657 1938 esset
1697 1894 1914 1939 ostenta-

1943 882 1985 913 10

1942 1248 1983 1280 15

1940 1617 1984 1648 20

242 1965 406 2023 tionis,
444 1965 565 2012 haec
604 1966 815 2013 secunda
854 1968 1018 2028 egeret
1057 1967 1175 2013 artis
1215 1966 1292 2012 vel
1332 1966 1394 2011 ad
1432 1965 1715 2024 fallendum,
1761 1966 1803 2012 si
1840 1966 1915 2012 ita
1938 1983 1980 2015 25

242 2040 546 2098 poposcisset
584 2040 793 2098 utilitas,
841 2040 1044 2086 consilia
1082 2039 1176 2085 fide
1215 2039 1573 2100 prudentiaque
1621 2040 1911 2085 constarent.

154 2112 217 2156 64
243 2111 418 2171 quibus
468 2114 520 2158 in
576 2113 963 2160 demonstrativa
1018 2113 1266 2160 consentio
1323 2105 1458 2177 (nam
1515 2115 1562 2159 et
1609 2127 1773 2158 omnes
1826 2113 1914 2158 alii

242 2184 501 2245 scriptores
541 2186 670 2232 idem
702 2180 1047 2248 tradiderunt),
1087 2187 1137 2232 in
1170 2186 1368 2233 iudiciis
1403 2187 1567 2233 autem
1599 2185 1913 2246 consiliisque

241 2259 505 2305 secundum
547 2260 878 2307 condicionem
919 2261 1087 2321 ipsius,
1127 2275 1254 2321 quae
1284 2259 1592 2318 tractabitur,
1631 2260 1703 2305 rei
1728 2273 1912 2306 accom-

156 2333 218 2376 65
242 2332 539 2379 modandam
594 2333 786 2380 dicendi
841 2333 983 2380 credo
1037 2334 1291 2380 rationem.
1346 2348 1460 2378 nam
1515 2336 1563 2378 et
1608 2332 1912 2393 Philippicas
1937 2349 1980 2381 30

243 2404 586 2453 Demosthenis
632 2406 785 2454 isdem
835 2407 1009 2467 quibus
1064 2407 1257 2454 habitas
1310 2407 1362 2452 in
1415 2405 1610 2453 iudiciis
1665 2407 1911 2452 orationes

359 2582 412 2619 22
446 2577 578 2619 Rhet.
615 2581 654 2630 3,
689 2582 741 2619 12

361 2744 382 2780 1
415 2738 687 2781 laborarunt
718 2747 753 2780 A
935 2743 959 2781 3
992 2738 1162 2780 furiose
1197 2738 1385 2794 Regius:
1419 2737 1592 2780 furioso
1757 2740 1782 2778 8
1813 2750 1910 2779 1110-

240 2798 527 2840 deta-tionem
558 2798 876 2852 rationemque
908 2805 996 2839 BP
1126 2801 1177 2839 19
1212 2795 1506 2839 affectatione
1539 2802 1606 2839 N:
1648 2794 1910 2838 adfectione

238 2864 367 2898 ΑΒΡ
484 2861 537 2899 26
571 2856 763 2899 consilio
796 2883 850 2888 —
884 2858 1116 2900 constaret
1146 2864 1182 2897 A
