2007 3120
774 67 828 109 Π.
863 74 904 119 4,
938 71 1096 110 2—14.
1224 86 1230 90 -
1728 67 1803 118 79

111 207 390 256 Ciceronem
439 208 636 270 legerit:
693 202 825 255 ‘volo
866 207 997 254 enim
1047 222 1099 254 se
1151 207 1328 254 efferat
1382 207 1433 252 in
1488 206 1806 255 adulescente

108 277 418 330 fecunditas'.

223 355 533 418 Quapropter
571 356 623 401 in
661 355 834 417 primis
860 354 1121 402 evitandus
1163 357 1211 401 et
1243 355 1294 400 in
1333 355 1499 416 pueris
1538 356 1803 416 praecipue

109 432 346 492 magister
393 429 572 490 aridus,
619 446 719 476 non
765 429 928 476 minus
976 445 1128 490 quam
1174 430 1358 477 teneris
1408 429 1564 477 adhuc
1611 429 1803 490 plantis

65 524 84 554 5
110 505 292 553 siccum
332 507 381 551 et
420 505 523 551 sine
562 520 731 550 umore
756 504 858 550 ullo
893 504 1065 551 solum.
1104 503 1218 550 inde
1243 503 1371 550 fiunt
1394 503 1605 550 humiles
1632 503 1805 550 statim
1864 509 1902 552 9

111 582 159 625 et
199 579 338 626 velut
383 581 567 625 terram
624 580 918 639 spectantes,
976 577 1062 638 qui
1116 578 1242 624 nihil
1298 593 1447 638 supra
1500 576 1806 624 cotidianum

111 668 385 700 sermonem
425 652 652 699 attollere
702 652 931 699 audeant.
979 652 1160 700 macies
1208 652 1307 698 illis
1354 667 1443 712 pro
1493 652 1707 699 sanitate
1757 652 1807 697 et

110 727 283 774 iudicii
321 727 429 774 loco
469 726 733 774 infirmitas
775 730 863 786 est,
904 728 952 773 et
979 725 1097 772 dum
1123 727 1244 773 satis
1269 729 1450 788 putant
1475 727 1598 773 vitio
1625 741 1806 785 carere,

109 802 162 848 in
202 801 253 847 id
292 801 453 862 ipsum
497 800 723 847 incidunt
747 801 941 860 Vitium,
985 800 1117 861 quod
1139 800 1410 847 virtutibus
1438 803 1618 847 carent.
1653 816 1808 861 quare

45 895 86 925 10
110 876 234 922 mihi
272 891 333 921 ne
372 876 636 922 maturitas
678 874 878 936 quidem
917 876 1026 935 ipsa
1065 875 1268 922 festinet
1307 890 1395 921 nec
1426 878 1593 922 musta
1617 876 1669 921 in
1693 875 1808 921 lacu

111 950 284 996 statim
325 953 523 997 austera
564 951 684 996 sint:
726 949 795 996 sic
837 951 884 996 et
926 965 1080 996 annos
1120 949 1282 995 ferent
1323 951 1372 996 et
1410 952 1661 997 vetustate
1693 965 1804 1010 pro—

110 1023 288 1071 ficient.
1805 1054 1905 1068 s

222 1098 297 1144 Ne
336 1097 463 1144 illud
505 1097 703 1158 quidem
744 1098 878 1159 quod
918 1097 1269 1145 admoneamus
1309 1097 1568 1160 indignum
1604 1101 1691 1157 est,
1731 1097 1804 1143 in-
1836 1103 1902 1147 10

113 1173 257 1235 genia
297 1188 562 1233 puerorum
601 1172 755 1218 nimia
794 1171 996 1218 interim
1037 1172 1394 1218 emendationis
1436 1173 1699 1219 severitate
1727 1172 1807 1218 de-

46 1265 86 1297 15
111 1246 276 1306 ficere3
330 1262 446 1293 narn
486 1248 534 1293 et
574 1247 839 1308 desperant
879 1249 928 1292 et
975 1246 1144 1293 dolent
1191 1249 1240 1293 et
1286 1247 1551 1294 novissime
1601 1246 1810 1293 oderunt

114 1323 177 1380 et⁷
217 1321 349 1382 quod
380 1322 591 1368 maxime
617 1324 775 1381 nocet,
817 1321 934 1367 dum
969 1322 1133 1369 omnia
1158 1323 1351 1380 timent,
1392 1320 1517 1367 nihil
1551 1324 1806 1368 conantur.

113 1395 245 1456 quod
285 1395 436 1442 etiam
475 1396 671 1443 rusticis
711 1398 884 1442 notum
925 1398 1012 1455 est,
1054 1396 1140 1456 qui
1187 1395 1443 1443 frondibus
1483 1397 1664 1442 teneris
1706 1411 1805 1442 non
1837 1400 1897 1443 11

112 1472 294 1531 putant
334 1469 663 1517 adhibendam
704 1485 807 1517 esse
848 1470 1042 1529 falcem,
1090 1470 1205 1531 quia
1254 1470 1573 1517 reformidare
1623 1471 1809 1516 ferrum

112 1543 344 1591 videntur
385 1547 433 1591 et
471 1544 691 1592 nondum
731 1545 1010 1592 cicatricem
1049 1545 1158 1605 pati
1197 1560 1353 1605 posse.
1394 1545 1636 1592 iucundus
1692 1561 1808 1607 ergo
1837 1549 1900 1592 12

48 1637 89 1668 ρο
113 1622 223 1665 tum
261 1619 473 1666 maxime
514 1618 659 1665 debet
699 1634 802 1666 esse
834 1621 1138 1680 praeceptor,
1180 1623 1237 1665 ut
1261 1619 1493 1679 remedia,
1534 1635 1661 1680 quae
1688 1619 1808 1666 alio-

116 1692 202 1753 qui
242 1697 421 1740 natura
478 1695 591 1740 sunt
634 1708 821 1753 aspera,
875 1693 1013 1740 molli
1062 1709 1216 1740 manu
1277 1693 1549 1740 leniantur:
1604 1693 1809 1740 laudare

115 1767 298 1828 aliqua,
336 1767 464 1814 ferre
506 1768 764 1828 quaedam,
818 1770 1012 1815 mutare
1054 1767 1206 1814 etiam
1250 1768 1444 1814 reddita
1493 1784 1578 1815 cur
1623 1767 1673 1813 id
1721 1767 1811 1814 fiat

113 1842 320 1902 ratione,
360 1841 660 1889 inluminare
700 1842 1057 1903 interponendo
1091 1842 1282 1903 aliquid
1306 1844 1394 1889 sui.
1437 1858 1811 1904 nonnumquam

115 1916 207 1963 hoc
249 1932 446 1977 quoque
488 1917 582 1963 erit
621 1917 760 1976 utile,
800 1919 933 1964 tot-as
972 1918 1136 1978 ipsum
1177 1917 1362 1964 dictare
1396 1918 1644 1976 materias,
1686 1933 1810 1978 quas

49 2008 91 2040 25
117 1992 167 2037 et
204 1990 429 2036 imitetur
467 2007 590 2051 puer
631 1993 679 2037 et
725 1991 927 2037 interim
973 1994 1230 2052 tamquam
1282 2007 1396 2038 suas
1452 1993 1605 2038 amet:
1665 1995 1713 2038 at
1770 1991 1811 2037 si
1838 2000 1905 2043 13

115 2066 221 2111 tam
260 2065 525 2127 neglegens
567 2065 611 2112 ei
651 2065 794 2112 stilus
834 2066 1002 2125 fuerit,
1042 2068 1099 2113 ut
1139 2066 1534 2113 emendationem
1565 2082 1665 2113 non
1688 2067 1808 2112 reci-

117 2139 238 2199 piat,
295 2142 522 2200 expertus
563 2156 672 2187 sum
711 2140 956 2201 prodesse,
1003 2140 1232 2201 quotiens
1290 2140 1493 2187 eandem
1548 2140 1809 2187 materiam

116 2228 285 2260 rursus
326 2229 355 2260 a
386 2230 464 2261 me
487 2217 810 2262 retractatam
836 2214 1047 2262 scribere
1073 2215 1131 2262 de
1162 2216 1358 2277 integro
1382 2215 1626 2262 iuberem:
1667 2230 1812 2275 posse

120 2287 250 2334 enim
304 2304 419 2334 eum
467 2288 627 2336 adhuc
677 2289 878 2336 melius:
934 2292 1181 2350 quatenus
1237 2290 1376 2336 nullo
1430 2291 1589 2351 magis
1645 2288 1812 2336 studia

54 2380 95 2410 30
120 2377 267 2422 quam
309 2378 393 2423 spe
434 2363 665 2425 gaudent.
707 2364 855 2410 aliter
894 2366 1063 2410 autem
1097 2364 1196 2410 alia
1228 2366 1364 2411 aetas
1399 2363 1703 2410 emendanda
1737 2367 1812 2410 est
1839 2370 1911 2414 14

121 2438 170 2482 et
207 2452 296 2497 pro
336 2437 480 2484 modo
521 2437 702 2484 virium
743 2441 792 2484 et
839 2438 1133 2501 exigendum
1181 2443 1231 2485 et
1278 2438 1624 2500 corrigendum
1673 2453 1811 2499 opus.

118 2510 339 2558 solebam
379 2526 469 2574 ego
510 2511 670 2559 dicere
709 2513 875 2573 pueris
916 2513 1106 2573 aliquid
1147 2512 1278 2560 ausis
1316 2513 1547 2560 licentius
1589 2515 1674 2559 aut
1713 2513 1813 2558 lae-

120 2585 235 2645 tius,
273 2585 476 2632 laudare
509 2586 634 2633 illud
672 2602 750 2633 me
785 2587 966 2634 adhuc:
1006 2589 1275 2634 venturum
1307 2589 1516 2648 tempus,
1559 2603 1657 2648 quo
1682 2586 1814 2633 idem

248 2746 269 2783 1
303 2740 371 2784 De
404 2744 519 2785 orat.
555 2747 596 2796 ·2,
630 2748 698 2795 21,
734 2746 789 2785 88

247 2894 299 2932 10
331 2891 410 2947 ne]
442 2904 528 2934 nec
560 2899 597 2931 A
719 2896 774 2934 ⁴25
809 2892 876 2949 at]
911 2893 958 2936 et
990 2900 1026 2933 A
1150 2896 1205 2934 28
1237 2893 1490 2934 tractatam
1522 2899 1557 2932 A
