2055 3130
251 84 358 135 194
754 81 1126 135 QVINTILIANI
1155 81 1305 124 INST.
1340 81 1433 125 ΟΒ.

251 224 336 283 qui
391 238 478 283 per
522 223 599 268 tot
646 236 796 268 annos
845 219 1116 267 defenderit
1168 221 1371 280 multos,
1418 220 1617 267 laeserit
1662 220 1922 280 neminem,

251 296 312 342 ad
351 294 678 342 accusandum
708 293 912 340 Verrem
951 289 1293 340 descenderit’:
1333 293 1505 340 deinde
1531 293 1758 353 ostendit,
1795 294 1920 340 hanc

249 371 409 430 ipsam
448 383 551 415 esse
591 369 834 414 sociorum
866 366 1210 426 defensionem,
1250 366 1380 427 quod
1411 367 1607 413 schema
1637 365 1921 429 πρόλημψις

163 443 226 487 50
251 442 442 488 dicitur.
482 441 533 486 id
565 456 675 487 cum
707 440 772 487 sit
803 439 924 486 utile
958 439 1236 499 aliquando,
1275 454 1404 486 nunc
1443 455 1472 485 a
1511 439 1920 487 declamatoribus

252 514 548 575 quibusdam
586 529 740 575 paene
792 529 982 573 semper
1020 513 1310 572 adsumitur,
1359 514 1444 573 qui
1492 513 1567 559 fas
1607 528 1705 559 non
1743 514 1923 573 putant
1969 527 1990 560 5

251 588 349 635 nisi
388 603 416 633 a
456 589 699 634 contrario
738 586 966 646 incipere.

361 661 561 722 Negant
598 659 956 720 Apollodorum
995 661 1149 706 secuti
1185 660 1276 706 tris
1318 674 1420 706 esse
1461 659 1518 705 de
1559 659 1733 719 quibus
1774 674 1924 719 supra

253 734 464 780 diximus
514 732 843 794 praeparandi
892 732 1067 779 iudicis
1119 735 1298 793 partes,
1361 732 1445 779 sed
1502 733 1684 779 multas
1741 732 1923 792 species

254 810 556 866 enumerant,
594 810 650 852 ut
691 822 747 852 ex
786 806 1001 853 moribus
1041 805 1232 864 iudicis,
1272 821 1328 852 ex
1368 805 1678 866 opinionibus
1720 805 1782 852 ad
1813 819 1923 851 cau-

255 896 360 928 sam
399 882 537 926 extra
574 879 952 940 pertinentibus,
993 895 1049 924 ex
1090 880 1317 939 opinione
1358 879 1414 925 (le
1453 880 1563 939 ipsa
1603 871 1766 938 causa,
1799 894 1924 938 quae
1950 895 1993 926 10

255 956 369 1001 sunt
407 969 558 1014 prope
609 952 846 1011 infinitae,
897 955 1004 999 tum
1053 953 1129 1012 iis,
1181 967 1236 998 ex
1287 952 1465 1013 quibus
1517 967 1684 999 omnes
1736 954 1926 998 contro-

254 1026 443 1074 versiae
470 1029 710 1085 constant,
749 1027 986 1087 personis,
1018 1026 1177 1085 factis,
1211 1025 1370 1085 dictis,
1404 1027 1577 1084 causis,
1609 1024 1927 1085 temporibus,

167 1101 225 1145 51
254 1101 390 1160 locis,
430 1100 780 1160 occasionibus,
822 1099 1006 1146 ceteris.
1049 1115 1169 1159 quas
1210 1114 1349 1145 veras
1391 1114 1492 1145 esse
1533 1099 1706 1157 fateor,
1746 1098 1830 1145 sed
1875 1100 1928 1144 in

254 1175 373 1220 haec
421 1189 600 1235 genera
650 1173 878 1220 recidere.
934 1188 1049 1219 nam
1096 1172 1137 1219 si
1175 1172 1385 1218 iudicem
1424 1171 1722 1230 benivolum,
1770 1174 1928 1219 atten-

254 1251 378 1305 tum,
434 1246 639 1293 docilem
681 1246 850 1305 habeo,
903 1245 1020 1306 quid
1070 1246 1281 1305 amplius
1337 1245 1538 1291 debeam
1593 1246 1776 1306 optare,
1829 1260 1929 1290 non
1954 1260 1997 1292 15

257 1321 471 1381 reperio:
525 1336 633 1366 cum
673 1323 830 1367 metus
869 1321 990 1380 ipse,
1032 1321 1118 1379 qui
1155 1319 1363 1365 maxime
1403 1318 1598 1365 videtur
1645 1333 1746 1364 esse
1794 1320 1931 1364 extra

255 1394 395 1453 haec,
448 1395 497 1439 et
556 1396 798 1439 attentum
851 1393 1064 1440 iudicem
1110 1394 1262 1439 faciat
1309 1394 1357 1438 et
1404 1392 1463 1437 ab
1512 1391 1715 1438 adverso
1762 1391 1929 1439 favore

258 1468 515 1514 deterreat.

370 1539 553 1586 Verum
593 1541 826 1599 quoniam
865 1555 962 1587 non
993 1542 1066 1586 est
1098 1539 1218 1586 satis
1251 1538 1583 1585 demonstrare
1617 1533 1932 1597 discentibus,

263 1629 389 1674 quae
430 1614 529 1661 sint
567 1613 618 1659 in
656 1615 847 1660 ratione
887 1613 1139 1673 prooemii,
1189 1613 1271 1658 sed
1312 1611 1568 1658 dicendum
1615 1612 1786 1672 etiam,
1836 1627 1929 1672 quo
1955 1627 2000 1659 20

260 1687 403 1733 modo
443 1686 610 1748 perfici
649 1687 883 1733 facillime
921 1688 1126 1747 possint,
1165 1686 1255 1732 hoc
1297 1685 1468 1744 adicio,
1507 1688 1562 1731 ut
1602 1685 1820 1732 dicturus
1859 1686 1931 1730 in-

260 1763 471 1819 tueatur,
520 1760 653 1821 quid,
705 1760 835 1820 apud
887 1776 1044 1821 quem,
1095 1775 1183 1820 pro
1237 1775 1346 1819 quo,
1402 1761 1570 1805 contra
1623 1774 1780 1818 quem,
1835 1774 1932 1819 quo

262 1839 495 1894 tempore,
536 1849 634 1894 quo
673 1834 795 1892 loco,
837 1849 931 1893 quo
970 1849 1134 1879 rerum
1173 1834 1320 1891 statu,
1369 1848 1464 1892 qua
1503 1832 1643 1894 vulgi
1689 1832 1823 1878 fama
1862 1832 1932 1877 di-

264 1907 467 1955 cendum
508 1907 593 1953 sit:
635 1908 752 1967 quid
791 1907 1002 1954 iudicem
1043 1906 1222 1953 sentire
1262 1906 1491 1953 credibile
1532 1907 1618 1964 sit,
1669 1908 1934 1965 antequam

260 1981 541 2040 incipimus:
596 1984 724 2039 tum,
772 1981 888 2041 quid
944 1984 1029 2026 aut
1083 1980 1411 2027 desideremus
1467 1981 1552 2024 aut
1606 1978 1930 2039 deprecemur.
1957 1994 2000 2026 25
2054 2034 2055 2042 ¹

262 2057 370 2114 ipsa
409 2054 552 2100 illum
590 2057 768 2100 natura
809 2069 863 2100 eo
905 2054 1063 2112 ducet,
1102 2057 1157 2100 ut
1198 2053 1333 2111 sciat,
1375 2052 1492 2112 quid
1524 2052 1738 2113 primum
1771 2052 1931 2098 dicen·
2054 2046 2055 2051 ¹

176 2127 237 2171 53
266 2128 381 2173 dum
413 2129 490 2174 sit.
532 2131 584 2174 at
616 2143 743 2173 nunc
776 2143 934 2183 omne,
974 2143 1069 2188 quo
1103 2129 1380 2187 coeperunt,
1405 2127 1710 2186 prooemium
1741 2128 1935 2186 putant,

267 2205 315 2247 et
353 2203 409 2246 ut
449 2201 664 2260 quidque
705 2202 956 2259 succurrit,
1004 2201 1173 2260 utique
1215 2202 1256 2247 si
1296 2199 1464 2259 aliqua
1511 2200 1753 2246 sententia
1797 2199 1935 2245 blan-

170 1541 230 1584 52

267 2275 443 2333 diatur,
485 2274 748 2320 exordium.
801 2275 958 2320 multa
1006 2276 1171 2320 autem
1211 2273 1312 2320 sine
1365 2272 1510 2319 dubio
1562 2274 1675 2319 sunt
1726 2274 1774 2318 et
1824 2272 1934 2318 aliis

265 2347 488 2408 partibus
529 2363 701 2394 causae
742 2348 1033 2406 communia,
1072 2347 1195 2393 nihil
1234 2352 1397 2393 tamen
1435 2347 1487 2392 in
1529 2361 1721 2406 quaque
1760 2345 1934 2391 melius
1959 2361 2004 2393 30

269 2421 463 2480 dicitur,
517 2437 666 2481 quam
717 2421 847 2482 quod
899 2436 1049 2481 aeque
1103 2420 1224 2467 bene
1279 2419 1375 2465 dici
1430 2419 1549 2465 alibi
1609 2434 1707 2465 non
1766 2420 1934 2478 possit.

177 2493 240 2538 54
265 2495 475 2540 multum
529 2496 718 2556 gratiae
778 2494 973 2540 exordio
1041 2496 1132 2553 est,
1187 2493 1314 2553 quod
1362 2492 1438 2558 ab·
1475 2493 1665 2539 actione
1716 2491 1935 2539 diversae

386 2638 408 2675 2
443 2633 550 2676 inde
582 2642 618 2675 A
711 2638 734 2675 3
769 2646 867 2676 esse
899 2648 969 2676 om
1000 2641 1088 2675 BP
1177 2637 1198 2674 7
1235 2645 1374 2687 supra
1405 2646 1472 2675 om
1504 2640 1593 2674 BP
1681 2635 1705 2673 9
1739 2631 1800 2674 ad
1832 2644 1937 2674 cau-

267 2705 367 2734 sam
399 2718 453 2723 —
488 2705 543 2734 ex
575 2692 790 2747 opinione
823 2699 955 2736 omB
1074 2697 1126 2733 11
1160 2694 1258 2734 tum
1292 2699 1386 2733 Pa:
1420 2705 1524 2733 cum
1547 2698 1631 2733 AB
1749 2695 1802 2733 21
1834 2703 1938 2745 per-

267 2751 343 2793 fici
374 2759 434 2793 P:
468 2751 669 2806 perspici
700 2759 784 2793 AB
902 2756 955 2793 22
990 2751 1102 2806 quid
1135 2758 1179 2792 P
1217 2752 1271 2793 Vt
1295 2766 1331 2806 p
1363 2755 1461 2803 421,
1496 2754 1575 2792 20:
1609 2749 1691 2803 qui
1721 2757 1767 2791 B
1795 2748 1869 2791 cui
1900 2756 1937 2790 A

387 2815 441 2851 25
475 2810 588 2863 quid
621 2811 720 2867 aut]
755 2809 867 2864 quid
897 2818 934 2850 A
1055 2814 1109 2851 26
1143 2823 1194 2852 00
1229 2823 1298 2852 om
1323 2816 1366 2850 Β
1484 2813 1536 2850 27
1571 2808 1680 2864 quo]
1707 2807 1825 2861 quod
1853 2814 1944 2849 BP

388 2873 440 2910 29
475 2868 572 2911 sine
591 2869 731 2912 dubio
752 2883 807 2912 ex
829 2868 933 2910 aliis
947 2868 1158 2924 partibus
1173 2870 1279 2910 sunt
1300 2870 1380 2910 aut
1405 2866 1509 2909 aliis
1526 2865 1736 2922 partibus
1751 2879 1787 2909 c.
1804 2879 1840 2909 0.
1853 2873 1946 2908 BP
