2007 3120
184 78 254 128 30
682 77 1057 130 QVINTILIANI
1087 77 1235 121 INST.
1271 78 1362 122 ΟΒ.

184 213 400 263 ‘hordea’
452 219 500 262 et
549 212 762 276 ‘mulsa',
813 217 930 263 licet
974 216 1250 263 litterarum
1297 220 1622 266 mutationem
1669 219 1855 267 detrac-

178 290 378 349 tionem,
418 290 740 336 adiectionem
779 289 1007 344 habeant,
1046 306 1143 337 non
1184 290 1281 337 alio
1319 290 1500 338 vitiosa
1537 295 1667 352 sunt,
1708 308 1855 352 quam

179 363 311 424 quod
363 362 580 423 pluralia
633 363 951 424 singulariter
1005 366 1054 409 et
1108 364 1379 425 singularia
1431 365 1691 425 pluraliter
1745 366 1855 413 effe-

91 437 149 481 17
176 438 376 482 runtur:
429 439 476 482 et
517 432 720 498 ‘gladia'
771 437 856 496 qui
902 435 1142 495 dixerunt,
1193 452 1365 499 genere
1414 438 1707 485 exciderunt.
1772 439 1856 486 sed

177 509 268 555 hoc
309 524 502 569 quoque
540 511 712 556 notare
752 511 1008 556 contentus
1049 524 1173 568 sum,
1219 526 1279 555 ne
1320 512 1418 557 arti
1457 511 1602 572 culpa
1640 528 1853 572 quorun·
1901 528 1920 560 5

178 581 292 627 dam
346 582 675 642 pervicacium
727 583 988 643 perplexae
1042 582 1213 629 videar
1263 586 1313 630 et
1361 586 1465 645 ipse
1517 586 1856 644 quaestionem

178 655 434 702 addidisse.

285 728 402 775 Plus
466 730 666 792 exigunt
727 728 1019 789 suptilitatis
1082 745 1208 790 quae
1264 729 1491 777 accidunt
1545 731 1597 776 in
1651 731 1853 778 dicendo

174 803 312 861 vitia,
354 802 469 862 quia
510 803 730 863 exempla
771 818 936 848 eorum
973 802 1106 848 tradi
1145 803 1327 863 scripto
1365 819 1464 850 non
1502 806 1719 864 possunt,
1758 805 1859 852 nisi

176 890 286 921 cum
331 877 383 920 in
423 891 591 923 versus
631 875 922 935 inciderunt,
973 879 1029 922 ut
1077 875 1252 922 divisio
1295 873 1532 938 ‘Europai
1570 873 1749 937 Asiai',
1803 879 1854 925 et
1877 896 1919 927 10

175 949 219 994 ei
270 950 570 996 contrarium
621 948 812 1008 vitium,
865 949 994 1009 quod
1044 949 1323 1011 συναίρεσιν
1371 953 1419 997 et
1463 948 1852 1012 ἐπισυναλοιφήν

176 1020 352 1069 Graeci
389 1025 583 1081 vocant,
622 1037 709 1069 nos
744 1023 1128 1082 complexionem
1161 1023 1380 1085 dicimus,
1422 1024 1582 1084 qualis
1616 1027 1690 1071 est
1722 1024 1854 1086 apud

173 1094 225 1141 P.
259 1095 531 1142 Varronem

339 1164 467 1215 etum
505 1172 553 1215 te
594 1169 835 1231 flagranti
873 1169 1117 1216 deiectum
1156 1170 1360 1216 fulmine
1401 1166 1689 1217 Phaethon.'

86 1242 145 1286 18
173 1257 286 1288 nam
327 1242 368 1289 si
408 1246 533 1289 esset
571 1258 718 1303 prosa
757 1244 930 1302 oratio,
971 1242 1166 1290 easdem
1204 1243 1397 1290 litteras
1438 1245 1691 1290 enuntiare
1724 1246 1851 1292 veris
1876 1261 1918 1293 15
1984 1256 1989 1301 j

174 1315 375 1375 syllabis
429 1315 622 1362 licebat.
700 1318 954 1377 praeterea
1008 1331 1132 1377 quae
1185 1316 1310 1363 fiunt
1359 1319 1535 1378 spatio,
1590 1319 1691 1364 sive
1742 1333 1852 1364 cum

174 1388 365 1449 syllaba
405 1393 629 1450 correpta
666 1390 969 1450 producitur,
1008 1391 1064 1436 ut

675 1460 894 1509 ‘Italiam
941 1463 1044 1509 fato
1086 1460 1346 1525 profugus’

172 1552 255 1582 seu
295 1536 443 1599 longa
483 1538 759 1597 corripitur,
798 1540 853 1582 ut

623 1606 783 1656 ‘unius
825 1609 884 1656 ob
925 1625 1101 1657 noxam
1141 1614 1189 1656 et
1228 1606 1416 1668 furias’,
1875 1629 1917 1660 20

172 1688 309 1729 extra
360 1698 553 1729 carmen
603 1699 699 1729 non
751 1683 1035 1743 deprendas,
1091 1683 1175 1730 sed
1225 1699 1312 1730 nec
1361 1685 1412 1730 in
1466 1685 1678 1730 carmine
1725 1684 1848 1731 vitia

84 1758 142 1800 19
171 1756 392 1802 ducenda
442 1760 567 1804 sunt.
638 1757 725 1802 illa
776 1773 890 1804 vero
942 1772 1040 1803 non
1090 1759 1186 1805 nisi
1233 1773 1348 1803 aure
1397 1759 1670 1820 exiguntur,
1723 1773 1848 1818 quae

169 1829 295 1876 fiunt
340 1846 428 1891 per
476 1846 640 1877 sonos:
698 1846 993 1890 quamquam
1041 1845 1128 1890 per
1175 1832 1547 1891 aspirationem,
1596 1832 1698 1878 sive
1748 1831 1848 1877 adi—

172 1904 299 1949 citur
346 1904 520 1950 vitiose
569 1903 668 1950 sive
709 1903 997 1963 detrahitur,
1050 1904 1180 1964 apud
1219 1918 1306 1950 nos
1345 1906 1509 1964 potest
1549 1906 1733 1964 quaeri,
1785 1920 1848 1950 an

169 1978 222 2023 in
271 1978 452 2037 scripto
501 1978 566 2024 sit
612 1977 802 2035 vitium,
855 1979 894 2023 si
941 1977 973 2022 h
1020 1977 1187 2024 littera
1235 1980 1320 2036 est,
1370 1993 1468 2024 non
1506 1980 1638 2024 nota.
1710 1980 1846 2024 cuius
1872 1995 1913 2027 25

82 2050 142 2094 20
171 2050 367 2110 quidem
418 2051 546 2097 ratio
597 2053 788 2096 mutata
839 2066 948 2096 cum
997 2050 1297 2111 temporibus
1346 2055 1419 2097 est
1459 2052 1666 2112 saepius.
1734 2067 1846 2111 par-

171 2123 364 2171 cissime
404 2139 460 2170 ea
499 2127 684 2170 veteres
723 2126 803 2170 usi
842 2125 991 2170 etiam
1029 2126 1081 2170 in
1121 2124 1387 2183 vocalibus,
1428 2140 1535 2171 cum
1578 2121 1742 2171 ‘aedos
1780 2127 1846 2171 ir-

171 2193 366 2258 cosque'
410 2196 650 2243 dicebant.
692 2197 776 2243 diu
809 2197 980 2244 deinde
1012 2200 1330 2257 reservatum,
1369 2214 1429 2244 ne
1462 2197 1844 2245 consonantibus

172 2269 494 2331 adspirarent,
548 2274 604 2317 ut
652 2272 704 2317 in
758 2267 990 2318 ‘Graccis'
1045 2273 1093 2318 et
1142 2268 1420 2332 ‘triumpis'.
1499 2273 1660 2332 erupit
1709 2271 1845 2318 brevi

169 2348 387 2404 tempore
419 2344 597 2391 nimius
631 2359 761 2403 usus,
793 2347 851 2390 ut
878 2341 1135 2392 ‘choronae
1161 2344 1500 2391 chenturiones
1524 2342 1840 2405 praechones'
1867 2362 1910 2394 30

290 2503 341 2540 18
374 2499 487 2541 Aen.
523 2504 560 2551 1,
595 2504 618 2541 6
652 2525 707 2530 —
741 2504 795 2541 20
827 2500 874 2542 ib
910 2506 947 2550 1,
982 2505 1036 2542 45

290 2637 311 2673 1
355 2631 690 2674 detractionem
723 2631 1030 2674 adiectionem
1071 2632 1140 2674 del
1181 2632 1395 2674 Kiderlin
1546 2635 1600 2673 10
1638 2630 1842 2686 Europai

169 2692 215 2731 et
258 2688 388 2730 Asiai
436 2689 614 2733 Osann:
662 2703 834 2745 europa
876 2690 964 2732 lais
1008 2690 1050 2733 ei
1094 2699 1130 2731 A
1178 2703 1375 2745 europae
1419 2689 1544 2732 asiae
1585 2696 1629 2732 Β
1671 2702 1841 2744 europe

169 2747 264 2790 asie
297 2755 341 2789 P
459 2753 510 2790 11
547 2748 909 2803 ἐπισυναλοιφήν
935 2750 1065 2792 Birt:
1099 2748 1356 2803 συναλιφήν
1478 2753 1531 2791 12
1565 2747 1774 2790 dicamus
1799 2755 1845 2790 B

168 2820 386 2849 uocamus
420 2814 463 2848 P
592 2812 643 2849 19
678 2809 730 2849 ut
762 2821 830 2850 om
862 2815 945 2849 AB
1081 2813 1133 2849 21
1170 2808 1250 2849 sed
1282 2821 1351 2851 om
1382 2814 1426 2849 B
1556 2811 1610 2848 22
1643 2807 1841 2849 dicenda

169 2873 212 2906 B
332 2870 384 2907 25
417 2867 581 2908 notata
614 2874 657 2907 Ρ
774 2870 828 2908 28
863 2869 1093 2909 servatum
1127 2875 1162 2907 A
1285 2871 1338 2908 29
1373 2869 1419 2909 et
1449 2866 1497 2908 in
1530 2867 1584 2908 tr.
1619 2873 1655 2906 A
