2007 3120
53 916 95 947 10

51 1286 91 1317 15

45 2028 87 2059 25

614 92 670 136 Π.
706 96 774 147 16,
809 96 996 136 18—19.
1032 96 1100 145 17,
1137 95 1293 135 1-10.
1709 93 1815 144 113

126 247 275 292 quam
315 247 533 279 exercere
579 233 780 295 ingenia
810 233 1046 279 materiae
1079 231 1373 279 difficultate
1406 232 1548 279 credo
1581 232 1813 293 voluisse,

124 307 252 353 sicut
290 305 599 367 Polycraten,
639 321 749 352 cum
787 306 1008 353 Busirim
1038 306 1267 353 laudaret
1298 308 1346 352 et
1380 304 1811 367 Clytaemestram:

123 395 427 441 quamquam
471 382 530 439 is,
584 379 716 441 quod
761 380 838 427 his
894 379 1131 427 dissimile
1186 395 1285 426 non
1340 382 1428 439 est,
1480 381 1808 441 composuisse

123 455 409 514 orationem,
452 469 576 514 quae
617 455 743 501 esset
780 453 954 500 habita
993 455 1165 500 contra
1206 453 1456 513 Socraten,
1498 453 1692 501 dicitur.

235 526 447 583 Quidam
492 527 771 574 naturalem
818 543 920 575 esse
965 528 1241 574 rhetoricen
1295 528 1492 587 volunt,
1549 530 1597 574 et
1643 531 1809 574 tamen

124 601 352 648 adiuvari
390 602 738 648 exercitatione
777 617 876 648 non
903 601 1193 661 diffitentur,
1226 603 1285 648 ut
1315 603 1368 647 in
1393 602 1534 648 libris
1561 600 1810 650 Ciceronis

121 675 181 722 de
258 675 463 723 Oratore
549 675 671 722 dicit
724 675 995 735 Antonius,
1074 672 1488 723 ‘observationem
1559 675 1811 736 quandam

120 765 238 810 esse,
280 766 373 796 non
417 745 608 796 artem'.
649 749 781 810 quod
816 765 914 797 non
946 749 1072 809 ideo,
1113 752 1169 797 ut
1206 766 1296 811 pro
1336 766 1452 797 vero
1493 752 1809 811 accipiamus,

121 826 196 872 est
233 825 463 885 positum,
504 823 589 871 sed
625 826 683 870 ut
713 823 923 870 Antonii
960 840 1170 885 persona
1196 826 1432 883 servetur,
1473 826 1560 885 qui
1584 825 1808 872 dissimu-

119 898 251 945 lator
291 899 409 945 artis
460 898 577 945 fuit:
632 898 760 944 hanc
815 901 981 945 autem
1028 899 1310 959 opinionem
1356 898 1585 946 habuisse
1631 897 1808 959 Lysias

118 972 327 1019 videtur.
369 973 507 1018 cuius
549 973 820 1019 sententiae
859 973 977 1020 talis
1026 972 1243 1020 defensio
1295 975 1387 1035 est,
1439 973 1572 1033 quod
1618 973 1809 1020 indocti

118 1048 168 1092 et
205 1045 406 1093 barbari
444 1048 492 1093 et
532 1048 674 1105 servi,
713 1063 803 1107 pro
845 1062 894 1094 se
942 1062 1052 1093 cum
1097 1047 1348 1106 locuntur,
1402 1047 1591 1107 aliquid
1641 1046 1809 1094 dicant

117 1121 277 1167 simile
315 1122 577 1181 principio,
616 1123 832 1180 narrent,
873 1120 1095 1182 probent,
1144 1122 1363 1167 refutent
1410 1123 1480 1180 et,
1529 1121 1660 1182 quod
1706 1123 1808 1167 vim

116 1193 296 1242 habeat
335 1195 532 1258 epilogi,
573 1194 905 1256 deprecentur.
947 1195 1121 1241 deinde
1155 1195 1377 1242 adiciunt
1407 1196 1521 1242 illas
1546 1195 1808 1242 verborum

118 1269 476 1328 cavillationes,
523 1269 665 1328 nihil,
705 1269 836 1331 quod
877 1285 934 1315 ex
974 1271 1079 1316 arte
1118 1269 1222 1330 fiat,
1274 1273 1389 1316 ante
1438 1271 1594 1316 artem
1633 1269 1806 1317 fuisse:

117 1344 259 1404 atqui
298 1343 478 1390 dixisse
517 1343 738 1392 homines
780 1359 867 1404 pro
908 1359 957 1390 se
999 1346 1048 1391 et
1085 1345 1138 1390 in
1171 1345 1294 1392 alios
1328 1359 1540 1405 semper:
1583 1343 1806 1392 doctores

116 1418 238 1464 artis
289 1432 394 1465 sero
444 1419 492 1464 et
546 1419 676 1464 circa
732 1418 905 1465 Tisian
955 1420 1005 1464 et
1060 1416 1244 1465 Coraca
1298 1420 1515 1480 primum
1563 1421 1805 1478 repertos:

116 1493 391 1539 orationem
428 1493 584 1554 igitur
624 1494 739 1539 ante
780 1494 937 1539 artem
975 1493 1126 1539 fuisse
1167 1509 1320 1554 eoque
1362 1496 1517 1539 artem
1550 1508 1649 1539 non
1689 1508 1804 1540 esse.

115 1581 202 1614 nos
279 1582 448 1626 porro,
511 1566 707 1628 quando
772 1568 988 1628 coeperit
1049 1567 1195 1614 huius
1265 1569 1338 1613 rei
1407 1566 1655 1629 doctrina,
1707 1583 1806 1614 non

48 1658 67 1688 52
114 1640 417 1700 laboramus,
495 1656 797 1702 quamquam
860 1641 992 1702 apud
1060 1641 1333 1688 Homerum
1403 1644 1451 1688 et
1518 1645 1804 1702 praecepto-

112 1731 218 1761 rem
255 1714 550 1762 Phoenicem
590 1731 701 1762 cum
743 1713 921 1778 agendi
966 1717 1075 1762 tum
1122 1717 1273 1762 etiam
1312 1715 1551 1776 loquendi
1601 1718 1650 1762 et
1697 1732 1804 1763 ora—

113 1792 245 1836 tores
283 1789 450 1850 plures
491 1790 541 1836 et
580 1805 722 1837 omne
761 1791 814 1836 in
853 1789 1013 1836 tribus
1054 1789 1260 1836 ducibus
1303 1791 1542 1838 orationis
1575 1806 1730 1852 genus
1757 1793 1805 1837 et

114 1865 385 1910 certamina
427 1879 622 1925 quoque
659 1865 916 1925 proposita
956 1864 1266 1925 eloquentiae
1305 1866 1436 1910 inter
1482 1866 1682 1912 iuvenes
1729 1866 1802 1910 in-

113 1939 352 1997 venimus,
404 1939 525 2000 quin
575 1939 626 1985 in
680 1938 932 1985 caelatura
979 1940 1127 2000 clipei
1173 1938 1384 1986 Achillis
1433 1941 1481 1985 et
1527 1939 1640 1985 lites
1689 1942 1805 1986 sunt

114 2013 163 2059 et
202 2014 404 2060 actores.
444 2012 572 2059 illud
611 2014 740 2059 enim
781 2012 1042 2059 admonere
1082 2014 1203 2061 satis
1237 2015 1325 2072 est,
1365 2014 1532 2060 omnia
1564 2029 1689 2074 quae
1723 2029 1802 2060 ars

113 2088 528 2134 consummaverit
567 2103 596 2133 a
635 2089 815 2133 natura
855 2088 1004 2134 initia
1051 2087 1266 2134 duxisse:
1316 2089 1403 2134 aut
1449 2087 1660 2134 tollatur
1704 2104 1803 2134 me-

113 2160 292 2221 dicina,
340 2177 465 2222 quae
509 2177 566 2208 ex
607 2161 949 2209 observatione
990 2161 1267 2208 salubrium
1307 2164 1454 2222 atque
1493 2162 1570 2208 his
1611 2164 1801 2208 contra—

111 2236 297 2282 riorum
334 2237 531 2297 reperta
570 2239 644 2283 est
683 2238 745 2295 et,
797 2238 853 2282 ut
894 2236 1189 2297 quibusdam
1227 2237 1405 2297 placet,
1460 2238 1569 2283 tota
1608 2239 1803 2283 constat

113 2309 479 2370 experimentis,
527 2326 642 2357 nam
683 2313 731 2356 et
769 2310 948 2358 vulnus
997 2310 1236 2373 deligavit
1283 2311 1485 2371 aliquis,
1535 2312 1802 2371 antequam

44 2399 63 2430 3
113 2383 235 2430 haec
275 2399 353 2431 ars
394 2386 535 2444 esset,
576 2387 624 2431 et
663 2384 848 2431 febrem
891 2387 1054 2445 quiete
1094 2388 1142 2432 et
1183 2384 1495 2444 abstinentia,
1535 2401 1635 2431 non
1684 2386 1801 2446 quia

110 2457 355 2504 rationem
377 2458 592 2519 videbat,
633 2458 718 2506 sed
750 2460 868 2520 quia
899 2459 952 2505 id
983 2459 1216 2506 valetudo
1241 2461 1352 2520 ipsa
1385 2461 1626 2521 coegerat,
1666 2460 1799 2506 miti-

112 2533 264 2593 gavit.
303 2548 391 2579 nec
429 2532 620 2580 fabrica
659 2534 725 2580 sit
765 2549 865 2580 ars:
908 2548 1046 2581 casas
1086 2535 1216 2579 enim
1255 2533 1406 2594 primi
1443 2532 1520 2580 illi
1551 2535 1654 2580 sine
1695 2536 1800 2580 arte
1826 2542 1889 2586 10

231 2662 254 2700 7
288 2658 355 2701 De
388 2673 450 2702 or.
486 2664 526 2714 2,
561 2663 630 2715 57,
665 2664 749 2702 232

230 2796 257 2834 4
291 2793 413 2835 esset
442 2800 548 2837 BP:
582 2794 653 2836 est
684 2801 721 2835 A
846 2797 899 2835 10
930 2793 1124 2836 hanc—
1142 2792 1329 2835 videtur
1352 2793 1466 2836 delet
1488 2793 1798 2837 Schneidewin

231 2855 284 2894 17
319 2865 418 2895 sero
451 2851 548 2895 iam
580 2854 627 2895 et
650 2860 687 2894 A
821 2856 876 2895 20
908 2852 1177 2895 laboramus
1218 2851 1457 2907 exquirere
1489 2860 1526 2893 A
1658 2857 1717 2894 ,22
1751 2867 1794 2908 g.

110 2912 158 2954 et
188 2918 294 2953 BP:
327 2925 370 2967 g.
405 2913 476 2954 est
505 2919 543 2953 A
651 2916 706 2953 24
738 2911 788 2954 in
820 2925 891 2955 om
921 2919 1011 2954 BP
1114 2916 1167 2955 27
1201 2911 1260 2954 iis
1291 2919 1338 2953 B
1442 2915 1494 2953 31
1531 2911 1728 2967 cogebat
1758 2919 1795 2953 A

199 2993 507 3035 Qvnwrmmvs,
531 2993 587 3025 ed„
612 2993 976 3025 Radermacher.
1001 2995 1030 3025 I.
1502 2989 1527 3027 8

1871 1202 1892 1244 &l
