2055 3130
768 77 846 121 m.
881 83 921 132 6,
955 82 1142 121 86—99.
1700 78 1803 130 157

114 234 281 281 posse3
322 212 474 266 etiam
513 218 656 265 eredo
691 218 959 278 aliquando
993 217 1228 278 dubitari,
1268 233 1364 279 quo
1398 220 1534 265 statu
1567 219 1632 264 sit
1664 220 1801 264 uten-
1829 218 1891 261 92

116 294 247 353 dum,
273 308 383 340 cum
408 291 641 340 adversus
673 307 825 338 unam
855 291 1182 338 intentionem
1211 292 1359 352 plura
1392 294 1722 353 opponuntur,
1756 294 1803 339 et

116 368 245 414 sicut
267 368 320 413 in
353 367 513 414 colore
546 366 726 413 dicitur
757 365 1056 412 narrationis
1091 381 1201 412 eum
1234 381 1336 413 esse
1368 367 1625 427 optimum,
1659 381 1805 426 quem

118 445 255 489 actor
306 441 491 501 optime
544 441 763 498 tueatur,
816 440 891 485 ita
940 439 1021 486 hic
1077 455 1273 500 quoque
1328 455 1470 500 posse
1526 439 1637 498 dici,
1694 455 1804 486 eum

71 533 91 563 5
119 518 306 562 statum
347 529 449 561 esse
487 513 784 572 faciendum,
823 513 875 559 in
917 529 1016 573 quo
1048 513 1231 560 tuendo
1265 514 1539 574 plurimum
1571 513 1803 560 adhibere

116 590 295 635 virium
336 587 493 647 possit
531 589 719 648 orator3
766 587 976 647 ideoque
1024 603 1113 649 pro
1160 587 1345 634 Milone
1393 587 1533 634 aliud
1581 586 1804 634 Ciceroni
1831 593 1893 638 93

116 663 289 724 agenti
318 663 522 723 placuit,
563 661 699 707 aliud
732 661 903 721 Bruto,
943 677 1049 708 cum
1087 662 1452 709 exercitationis
1486 663 1651 724 gratia
1675 676 1803 708 com-

112 737 322 797 poneret
361 736 649 795 orationem,
697 751 808 782 cum
855 735 940 782 ille
994 736 1100 782 iure
1154 738 1412 796 tamquam
1462 735 1805 784 insidiatorem

116 810 330 858 occisum
371 812 419 856 et
457 812 625 857 tamen
664 825 762 856 non
800 809 1001 857 Milonis
1042 810 1247 857 consilio
1289 810 1481 870 dixerit,
1527 810 1613 857 ille
1654 811 1805 856 etiam

48 901 92 932 10
117 885 360 946 gloriatus
401 884 467 930 sit
506 884 663 930 occiso
703 884 836 930 malo
885 884 1011 930 cive:
1061 885 1114 929 in
1163 885 1435 932 coniunctis
1492 899 1607 930 Vero
1663 899 1805 945 posse
1830 888 1894 933 9-1

47 1641 91 1674 20

43 2012 91 2044 25

50 2383 94 2415 30

111 958 239 1005 duos
280 960 329 1005 et
366 959 458 1005 tris
497 958 725 1018 inveniri,
765 957 845 1004 vel
877 958 1110 1017 diversos,
1151 960 1208 1005 ut
1240 959 1282 1005 si
1315 960 1422 1018 quis
1456 958 1595 1004 aliud
1629 973 1678 1005 se
1706 973 1805 1005 non

115 1032 302 1092 fecisse,
345 1031 482 1079 aliud
521 1034 653 1079 recte
693 1031 866 1079 fecisse
907 1031 1155 1090 defendat,
1209 1032 1288 1079 vel
1339 1033 1530 1094 generis
1573 1032 1805 1091 eiusdem,

114 1108 171 1153 ut
211 1107 254 1153 si
305 1107 414 1166 quis
463 1105 558 1152 duo
608 1105 816 1153 crimina
862 1106 942 1153 vel
998 1108 1164 1153 omnia
1217 1109 1378 1169 neget.
1436 1106 1566 1167 quod
1624 1106 1806 1154 accidit
1831 1112 1893 1156 95

116 1182 283 1241 etiam,
323 1180 365 1227 si
405 1180 463 1227 de
503 1196 604 1226 una
641 1196 695 1227 re
734 1184 1003 1241 quaeratur
1044 1181 1226 1241 aliqua,
1267 1181 1351 1227 sed
1385 1196 1493 1227 eam
1524 1181 1690 1241 plures
1721 1196 1805 1242 pe-

72 1271 90 1302 5
115 1257 240 1316 tant,
281 1255 361 1301 vel
400 1254 572 1302 eodem
611 1254 731 1315 iure,
772 1257 828 1300 ut
857 1254 1207 1316 proximitatis,
1247 1255 1327 1301 vel
1359 1254 1567 1314 diverso,
1606 1257 1663 1301 ut
1695 1270 1806 1302 cum

115 1329 197 1376 hic
235 1331 547 1388 testamento,
598 1328 683 1375 ille
731 1329 1051 1390 proximitate
1097 1330 1299 1376 nitetur.
1357 1331 1583 1390 quotiens
1640 1331 1804 1376 autem

116 1403 253 1449 aliud
294 1403 383 1450 alii
421 1403 626 1464 petitori
665 1404 949 1464 opponitur,
990 1403 1245 1450 dissimilis
1287 1419 1390 1451 esse
1423 1406 1584 1450 status
1609 1418 1803 1450 necesse

116 1481 204 1537 est,
243 1479 301 1523 ut
337 1478 390 1523 in
429 1477 518 1523 illa
559 1478 914 1524 controversia:
957 1473 1274 1525 ‘testamenta
1304 1477 1496 1540 legibus
1527 1478 1661 1524 facta
1692 1480 1805 1524 rata
1831 1484 1893 1527 96

117 1552 239 1598 sint:
279 1549 632 1598 intestatorum
663 1552 946 1611 parentium
977 1551 1122 1598 liberi
1153 1551 1356 1600 heredes
1390 1554 1509 1599 sint:
1544 1552 1804 1599 abdicatus

115 1640 174 1671 ne
217 1625 335 1686 quid
375 1624 434 1672 de
473 1625 614 1672 bonis
665 1627 822 1686 patris
875 1626 1062 1687 capiat:
1118 1626 1299 1674 nothus
1356 1628 1469 1673 ante
1524 1627 1805 1688 legitimum

114 1702 261 1747 natus
300 1700 553 1762 legitimus
593 1699 724 1746 filius
774 1699 852 1759 sit,
905 1702 1021 1760 post
1067 1700 1353 1762 legitimum
1406 1703 1552 1748 natus
1606 1702 1806 1747 tantum

116 1775 260 1821 civis:
299 1774 352 1820 in
393 1773 709 1834 adoptionem
751 1774 867 1821 dare
907 1774 1078 1821 liceat:
1125 1776 1178 1828 in
1219 1774 1535 1835 adoptionem
1575 1775 1691 1822 dato
1731 1790 1804 1821 re-
1831 1780 1890 1824 97

115 1848 220 1895 dire
261 1850 315 1895 in
353 1848 599 1895 familiam
637 1849 799 1909 liceat,
840 1849 884 1894 si
920 1850 1063 1909 pater
1101 1849 1345 1896 naturalis
1386 1850 1489 1896 sine
1522 1849 1690 1896 liberis
1724 1848 1803 1895 de-

116 1922 329 1970 cesserit.
406 1923 492 1983 qui
531 1938 588 1970 ex
628 1922 818 1969 duobus
858 1923 1096 1985 legitimis
1138 1923 1350 1970 alterum
1387 1925 1440 1969 in
1489 1923 1806 1984 adoptionem

116 1996 333 2057 dederat,
388 1997 601 2043 alterum
652 1996 984 2056 abdicaverat,
1037 1997 1240 2044 sustulit
1288 1998 1518 2045 nothum:
1573 1997 1804 2045 instituto

115 2070 292 2118 herede
325 2070 552 2118 abdicato
582 2071 802 2118 decessit.
842 2074 943 2119 tres
984 2087 1150 2118 omnes
1191 2071 1249 2118 de
1288 2071 1429 2120 bonis
1463 2067 1803 2119 contendunt’.

115 2145 336 2205 nothum,
378 2146 465 2205 qui
494 2161 592 2192 non
624 2146 688 2192 sit
719 2145 985 2208 legitimus,
1027 2145 1200 2193 Graeci
1231 2148 1425 2206 vocant,
1465 2146 1701 2193 Latinum
1734 2145 1807 2192 rei

116 2235 310 2279 nomen,
348 2222 408 2265 ut
448 2218 570 2266 Cato
611 2235 805 2281 quoque
843 2221 894 2266 in
937 2221 1160 2267 oratione
1202 2220 1416 2281 quadam
1454 2222 1669 2267 testatus
1718 2221 1804 2279 est,

115 2308 214 2340 non
253 2292 503 2354 habemus,
543 2293 751 2354 ideoque
790 2295 980 2340 utimur
1018 2297 1301 2356 peregrino,
1355 2294 1439 2342 sed
1480 2294 1544 2341 ad
1581 2295 1804 2355 proposi—

116 2370 237 2416 tum.
277 2368 447 2414 heredi
485 2369 670 2429 scripto
711 2370 979 2429 opponitur
1016 2369 1095 2415 lex
1138 2365 1417 2416 ‘abdicatus
1468 2385 1529 2416 ne
1578 2369 1699 2429 quid
1747 2368 1804 2415 de
1831 2375 1892 2419 98

115 2441 256 2489 bonis
296 2441 454 2502 patris
494 2438 702 2503 capiat⁷:
753 2442 811 2489 fit
861 2445 1020 2490 status
1072 2442 1245 2504 scripti
1293 2445 1342 2489 et
1395 2443 1684 2503 voluntatis,
1742 2458 1805 2489 an

117 2516 219 2562 ullo
258 2516 404 2563 modo
445 2531 618 2577 capere
649 2518 821 2577 possit,
862 2533 925 2563 an
966 2532 1023 2562 ex
1054 2518 1312 2564 voluntate
1351 2517 1523 2578 patris,
1564 2532 1627 2563 an
1665 2517 1803 2564 heres

117 2592 343 2651 scriptus.
398 2591 549 2636 notho
591 2590 772 2651 duplex
809 2590 865 2637 fit
916 2592 1155 2652 quaestio,
1207 2591 1338 2652 quod
1387 2595 1501 2653 post
1554 2591 1803 2652 legitimos

117 2665 264 2712 natus
304 2665 384 2724 sit,
424 2667 472 2711 et
513 2664 645 2725 quod
690 2681 788 2712 non
838 2666 903 2713 sit
954 2667 1068 2712 ante
1122 2665 1402 2728 legitimum
1452 2667 1612 2713 natus.
1669 2666 1805 2726 prior
1830 2672 1892 2715 99

238 2780 262 2817 9
294 2775 373 2818 hic
405 2777 549 2818 etiam
581 2784 626 2818 P
775 2781 829 2818 13
862 2776 936 2819 vel
968 2776 1124 2819 omnia
1163 2791 1233 2820 om
1265 2785 1303 2818 A
1459 2782 1512 2819 16
1552 2776 1732 2819 nitatur
1765 2783 1809 2817 P

117 2833 292 2936 nititqii
317 2840 403 2936 Nt
430 2893 458 2902 ..
484 2839 539 2878 20
571 2835 738 2891 patriis
770 2836 914 2879 Halm
946 2837 1023 2879 sed
1054 2835 1202 2892 patris
1235 2841 1387 2880 tuetur
1429 2837 1484 2880 Vt
1509 2850 1545 2891 p
1578 2840 1678 2890 394,
1712 2840 1749 2877 2.
1778 2840 1802 2877 6

318 2907 380 2949 pa
403 2908 485 2936 rus
516 2902 562 2936 B
