2007 3120
768 62 800 105 Ι.
851 66 891 115 5,
925 65 1114 106 51—63.
1723 62 1790 113 37

104 202 302 250 Graecis
336 204 524 249 utimur
555 201 732 262 verbis,
773 202 859 249 ubi
889 204 1059 248 nostra
1092 201 1282 261 desunt,
1324 203 1451 249 sicut
1482 202 1562 248 illi
1593 217 1621 248 a
1653 202 1792 249 nobis

101 293 476 337 nonnumquam
522 278 826 323 mutuantur.
896 276 1010 322 inde
1057 275 1147 321 illa
1187 277 1410 337 quaestio
1453 277 1684 335 exoritur,
1733 292 1794 322 an

103 352 275 399 eadem
324 353 518 398 ratione
572 367 660 412 per
714 366 855 398 casus
909 350 1022 397 duci
1071 352 1271 397 externa-
1321 366 1419 411 qua
1466 353 1634 397 nostra
1684 365 1794 396 con-

102 427 282 473 veniat.
354 441 411 473 ac
461 427 505 473 si
549 426 764 486 reperias
813 426 1192 486 grammaticum
1239 426 1461 471 veterum
1509 426 1793 484 amatorem,
1820 431 1883 476 59

58 522 77 554 5
101 502 250 563 neget
290 499 561 560 quidquam
602 515 658 546 ex
697 498 880 545 Latina
918 500 1110 545 ratione
1149 498 1456 557 mutandum,
1505 500 1636 559 quia,
1686 513 1795 545 cum

103 576 169 622 sit
201 573 334 635 apud
364 589 452 621 nos
487 589 627 620 casus
660 573 923 632 ablativus,
965 589 1111 633 quem
1141 573 1222 619 illi
1251 588 1351 619 non
1381 572 1579 631 habent,
1618 588 1796 634 parum

103 650 363 695 conveniat
394 664 491 695 uno
525 663 645 695 casu
675 650 859 706 nostro,
894 649 1108 708 quinque
1136 645 1335 694 Graecis
1367 649 1456 694 uti.
1500 648 1619 708 quin
1645 648 1795 694 etiam
1820 655 1884 698 60

100 722 270 770 laudet
323 723 560 770 virtutem
615 738 797 781 eorum7
855 723 940 782 qui
986 723 1316 787 potentiorem
1364 721 1526 768 facere
1571 721 1795 784 linguam

101 796 335 843 Latinam
375 796 639 843 studebant
679 811 766 843 nec
807 797 980 842 alienis
1022 811 1161 858 egere
1201 797 1447 843 institutis
1487 795 1794 842 fatebantur:

35 893 77 925 10
100 871 214 917 inde
271 866 565 918 ‘Castorem’
620 870 782 917 media
845 870 1039 931 syllaba
1100 871 1342 931 producta
1396 871 1795 931 pronuntiarunt,

104 947 222 1006 quia
273 946 365 993 hoc
418 945 644 992 omnibus
696 947 878 992 nostris
929 944 1210 991 nominibus
1264 944 1531 1003 accidebat,
1589 959 1797 1005 quorum

101 1021 263 1081 prima
302 1020 484 1081 positio
524 1021 577 1065 in
617 1019 813 1067 easdem
854 1035 976 1079 quas
1011 1014 1224 1066 ‘Castor'
1266 1019 1460 1066 litteras
1503 1020 1617 1078 exit,
1658 1020 1708 1065 et
1742 1021 1798 1064 ut

105 1090 375 1141 ‘Palaemo’
427 1109 484 1141 ac
526 1089 766 1141 ‘Telamo’
810 1097 859 1140 et
901 1090 1081 1140 ‘Plato’
1142 1087 1281 1158 (nam
1337 1095 1406 1141 sic
1461 1109 1572 1140 eum
1629 1092 1797 1139 Cicero

104 1184 299 1230 quoque
355 1162 599 1234 appellat)
658 1167 935 1215 dicerentur
989 1170 1325 1227 retinuerunt⁷
1381 1169 1498 1229 quia
1548 1166 1797 1227 Latinum,

35 1265 76 1296 15
105 1243 234 1304 quod
283 1259 310 1290 o
359 1247 407 1290 et
453 1260 486 1288 n
532 1243 713 1290 litteris
754 1242 994 1303 finiretur,
1043 1259 1142 1289 non
1181 1243 1506 1303 reperiebant.
1577 1257 1636 1288 ne
1677 1243 1730 1288 in
1770 1257 1798 1288 a
1824 1250 1885 1294 61

103 1318 303 1378 quidem
355 1320 503 1378 atque
556 1332 576 1364 s
628 1318 822 1365 litteras
876 1319 1005 1364 exire
1056 1320 1238 1364 temere
1286 1317 1560 1365 masculina
1611 1315 1800 1364 Graeca

100 1392 303 1438 nomina
348 1395 481 1439 recto
530 1407 646 1439 casu
685 1391 1018 1453 patiebantur,
1065 1391 1273 1453 ideoque
1315 1394 1364 1438 et
1405 1391 1536 1452 apud
1579 1389 1799 1437 Caelium

100 1466 311 1528 legimus
385 1462 541 1513 ePelia
605 1462 935 1514 cincinnatus'
1009 1469 1056 1513 et
1130 1465 1262 1527 apud
1330 1466 1595 1513 Messalam
1660 1461 1799 1512 ‘bene

102 1541 223 1588 fecit
292 1537 515 1600 Eutffia’,
593 1545 642 1588 et
724 1541 854 1601 apud
938 1540 1221 1587 Ciceronem
1299 1535 1661 1602 ‘Hermagora',
1739 1555 1799 1586 ne

37 1637 79 1669 20
102 1616 353 1674 miremur,
402 1615 532 1676 quod
581 1615 641 1662 ab
683 1617 1003 1676 antiquorum
1041 1616 1290 1676 plerisque
1335 1611 1539 1662 ‘Aenea’
1581 1618 1636 1661 ut
1680 1610 1800 1660 eAn-

103 1685 257 1737 chisa'
300 1690 366 1736 sit
405 1691 579 1737 dictus.
621 1705 737 1736 nam
778 1689 819 1736 si
853 1692 910 1736 ut
944 1686 1221 1737 ‘Maecenas
1272 1689 1479 1736 Sufenas
1528 1684 1797 1750 Asprenas'
1826 1695 1887 1740 62

103 1764 396 1823 dicerentur,
452 1764 680 1828 genetivo
734 1779 850 1811 casu
901 1780 1000 1810 non
1050 1781 1072 1809 e
1120 1764 1305 1823 littera,
1361 1763 1444 1811 sed
1493 1764 1559 1810 tis
1608 1762 1801 1825 syllaba

102 1839 500 1886 terminarent-ur.
578 1839 691 1886 inde
749 1836 962 1900 Olympo
1020 1841 1069 1886 et
1125 1842 1340 1899 tyranno
1398 1840 1596 1885 acutam
1651 1837 1799 1898 sylla-

101 1913 218 1960 bam
262 1913 478 1960 mediam
527 1913 778 1971 dederunt,
828 1914 946 1974 quia
996 1910 1206 1974 [duabus
1255 1913 1416 1976 longis
1458 1906 1799 1975 sequentibus]

36 2009 77 2041 25
101 1989 317 2048 primam
355 1988 554 2034 brevem
596 1989 706 2036 acui
745 1990 912 2035 noster
952 2002 1110 2035 sermo
1149 2003 1248 2034 non
1286 1987 1492 2048 patitur.
1549 1988 1618 2034 sic
1659 2003 1800 2049 gene-
1826 1994 1889 2038 63

101 2063 235 2110 tivus
294 2058 466 2109 ‘Ulixi’
524 2065 573 2109 et
627 2059 849 2109 eAchilli'
905 2063 1038 2122 fecit⁷
1093 2062 1163 2110 510
1219 2061 1319 2109 alia
1371 2062 1601 2123 plurima.
1672 2076 1801 2108 nunc

101 2137 394 2184 recentiores
441 2138 769 2184 instituerunt
816 2135 1016 2184 Graecis
1063 2137 1346 2184 nominibus
1395 2134 1607 2183 Graecas
1655 2136 1801 2183 decli-

101 2211 328 2258 nationes
367 2213 534 2272 potius
575 2211 706 2272 dare,
748 2211 880 2272 quod
918 2214 1088 2258 tamen
1125 2212 1290 2272 ipsum
1328 2226 1429 2257 non
1468 2226 1660 2272 semper
1694 2209 1802 2256 fieri

102 2288 280 2346 potest.
320 2287 444 2332 mihi
484 2289 648 2333 autem
688 2287 853 2347 placet
884 2287 1132 2333 rationem
1161 2285 1397 2332 Latinam
1429 2285 1581 2346 sequi,
1622 2301 1800 2345 quous-

37 2381 80 2412 30
104 2376 198 2421 que
237 2362 431 2421 patitur
471 2360 630 2408 decor.
670 2376 828 2422 neque
869 2360 1000 2407 enim
1038 2361 1142 2407 iam
1181 2354 1551 2421 ‘Calypsonem'
1593 2359 1801 2406 dixerim

104 2436 160 2481 ut
193 2429 486 2494 ‘Iunonem’,
520 2450 820 2496 quamquam
854 2437 1049 2482 secutus
1082 2434 1313 2496 antiquos
1349 2433 1398 2483 C.
1428 2433 1609 2481 Caesar
1640 2435 1802 2481 utitur

225 2641 279 2680 19
312 2636 382 2681 De
412 2637 503 2680 inv.
541 2642 580 2691 1,
615 2641 654 2691 6,
689 2641 713 2679 9
748 2639 795 2680 et
827 2636 1013 2693 saepius

223 2837 249 2875 4
282 2847 348 2886 sq.
393 2833 624 2875 Valerium
658 2832 860 2876 Probum
892 2833 1112 2888 intclleyit
1233 2836 1289 2873 24
1331 2830 1513 2873 duabus
1544 2828 1698 2885 longis
1732 2841 1799 2870 se-

105 2890 356 2945 quentibus
382 2891 543 2947 (inseq.
570 2893 624 2946 A)
651 2892 722 2934 del
749 2891 803 2934 G.
823 2892 1068 2935 Hermann
1183 2894 1238 2934 30
1269 2890 1478 2947 patietur
1501 2897 1569 2931 Ab
