2055 3130
250 63 352 116 168
740 63 1116 117 QVINTILIANI
1145 67 1211 110 IN
1215 67 1295 110 ST.
1330 66 1424 111 ΟΒ.

159 201 226 245 23
250 204 378 250 nihil
415 204 590 263 facere,
630 204 688 251 de
727 204 951 252 faciendo
991 208 1155 252 autem
1195 206 1509 254 deliberat-ur.
1552 207 1683 267 quod
1723 208 1766 254 si
1794 206 1920 255 hanc

247 280 428 324 vocant
465 278 820 337 necessitatem,
873 278 926 324 in
977 295 1125 340 quam
1174 280 1394 327 homines
1451 281 1733 341 graviorum
1785 282 1921 327 metu

249 353 504 412 coguntur,
543 350 777 397 utilitatis
817 352 912 398 erit
951 353 1189 413 quaestio,
1239 355 1295 400 ut
1335 354 1377 400 si
1415 352 1600 400 obsessi
1638 356 1687 400 et
1724 354 1921 414 inpares

250 426 299 470 et
339 439 466 484 aqua
507 423 710 484 ciboque
751 424 930 472 defecti
968 425 1027 471 de
1066 426 1290 473 facienda
1329 426 1392 473 ad
1437 425 1629 473 hostem
1675 425 1922 473 deditione

251 496 524 543 deliberent
563 500 612 543 et
652 497 846 544 dicatur
886 494 1096 545 ‘necesse
1137 495 1242 546 est'.
1283 515 1458 560 nempe
1499 500 1720 560 sequitur
1750 502 1809 546 ut
1830 500 1922 547 hoc

251 570 534 629 subiciatur,
577 567 783 631 ‘alioqui
820 571 1121 631 pereundum
1161 569 1275 620 est’:
1321 574 1396 619 ita
1433 576 1634 634 propter
1670 572 1722 619 id
1760 573 1925 634 ipsum

251 658 347 689 non
403 646 477 689 est
522 658 736 702 necesse,
785 645 901 704 quia
946 647 1105 706 perire
1160 648 1325 707 potius
1379 646 1507 693 licet.
1562 645 1771 707 denique
1826 661 1925 693 non

251 717 472 764 fecerunt
526 716 789 779 Saguntini
839 733 927 765 1166
980 719 1032 764 111
1085 723 1192 765 rate
1248 717 1537 781 Opitergina
1593 720 1925 766 circumventi.

167 785 229 830 24
253 791 408 852 igitur
444 791 497 836 111
528 790 604 837 his
637 806 829 851 quoque
862 792 1020 839 causis
1055 796 1140 839 aut
1172 792 1230 840 de
1263 793 1367 840 sola
1397 793 1615 840 utilitate
1647 792 1926 855 ambigetur

255 865 343 910 aut
382 865 605 924 quaestio
644 865 774 911 inter
804 865 927 912 utile
953 868 1100 926 atque
1125 866 1386 913 honestum
1419 866 1663 914 consistet.
1704 869 1757 913 at
1781 865 1925 925 enim,

255 938 299 983 si
324 938 432 997 quis
457 936 634 984 liberos
661 952 914 998 procreare
940 939 1086 997 volet,
1118 955 1310 987 necesse
1342 939 1490 986 habet
1514 939 1687 986 ducere
1711 955 1925 986 uxorem.

256 1010 364 1070 quis
404 1009 633 1057 dubitat?
673 1011 757 1058 sed
795 1012 854 1070 ei,
903 1012 986 1072 qui
1025 1017 1167 1073 pater
1205 1013 1312 1059 vult
1350 1013 1469 1072 fieri,
1508 1013 1698 1074 liqueat
1735 1028 1927 1060 necesse

170 1080 231 1124 '35
257 1087 329 1131 est
369 1099 568 1130 uxorem
609 1099 711 1131 esse
751 1084 1035 1132 ducendam.
1076 1087 1246 1146 itaque
1284 1087 1407 1132 mihi
1445 1102 1505 1133 ne
1538 1087 1796 1134 consilium
1820 1087 1928 1147 qui-

257 1156 367 1203 dem
404 1157 616 1216 videtur,
656 1159 742 1204 ubi
780 1161 1040 1206 necessitas
1081 1163 1167 1217 est,
1207 1175 1305 1206 non
1344 1162 1501 1222 magis
1535 1176 1683 1221 quam
1706 1159 1791 1206 ubi
1816 1175 1928 1206 con-

256 1232 358 1277 stat
397 1230 515 1291 quid
553 1231 659 1277 fieri
690 1247 788 1278 non
818 1247 981 1293 posse:
1023 1234 1179 1280 omnis
1205 1234 1334 1279 enim
1367 1233 1656 1280 deliberatio
1682 1233 1740 1280 de
1765 1232 1928 1280 dubiis

258 1307 343 1351 est.
383 1304 558 1351 melius
597 1306 768 1367 igitur,
819 1306 905 1365 qui
943 1308 1142 1352 tertiam
1182 1310 1372 1367 partem
1413 1307 1657 1353 duxerunt
1703 1306 1930 1365 δυνατόν,

258 1377 388 1438 quod
426 1378 582 1424 nostri
621 1378 912 1439 possibile
952 1382 1230 1427 nominant:
1288 1396 1411 1441 quae
1450 1384 1505 1427 ut
1545 1380 1667 1426 dura
1705 1380 1933 1426 videatur

170 1454 232 1498 26
260 1451 544 1512 appellatio,
583 1454 749 1498 tamen
789 1453 894 1499 sola
933 1456 1019 1500 est.
1061 1469 1181 1514 quas
1222 1457 1387 1514 partes
1426 1470 1524 1501 non
1565 1469 1730 1501 omnes
1753 1453 1804 1499 in
1831 1469 1930 1500 om-

258 1540 369 1570 nem
409 1525 578 1571 cadere
618 1526 890 1573 suasoriam
927 1528 1237 1575 manifestius
1270 1530 1356 1585 est,
1398 1543 1544 1588 quam
1575 1530 1632 1574 ut
1663 1526 1931 1574 docendum

259 1598 336 1645 sit.
377 1599 542 1644 tamen
583 1599 712 1659 apud
744 1599 1002 1661 plerosque
1035 1616 1203 1646 earum
1234 1616 1462 1647 numerus
1495 1604 1724 1664 augetur,
1765 1615 1794 1647 a
1826 1600 1931 1661 qui-

258 1671 348 1718 bus
398 1676 650 1732 ponuntur
702 1677 757 1719 ut
809 1677 988 1734 partes,
1045 1689 1171 1735 quae
1225 1676 1535 1734 superiorum
1582 1674 1764 1735 species
1819 1677 1932 1720 sunt

259 1746 488 1806 partium.
515 1761 630 1792 nam
653 1746 742 1804 fas,
774 1747 973 1806 iustum,
1005 1749 1156 1808 pium,
1189 1763 1372 1805 aecum,
1404 1752 1712 1795 mansuetum
1740 1763 1932 1809 quoque

263 1813 355 1883 (sic
394 1820 524 1865 enim
562 1823 677 1866 sunt
715 1821 1027 1881 interpretati
1067 1819 1117 1868 τὸ
1166 1815 1386 1886 ἥμερον),
1442 1825 1490 1868 et
1540 1822 1583 1869 si
1633 1837 1731 1882 qua
1777 1821 1933 1868 adhuc

263 1892 454 1939 adicere
494 1893 601 1953 quis
650 1894 864 1940 eiusdem
912 1896 1102 1956 generis
1151 1895 1285 1952 velit,
1333 1895 1490 1942 subici
1536 1898 1741 1955 possunt
1787 1895 1933 1941 hone·

177 1968 236 2012 27
266 1967 398 2012 stati.
441 1982 502 2013 an
543 1967 607 2013 sit
647 1971 810 2013 autem
850 1968 1008 2025 facile,
1047 1983 1295 2031 magnum,
1341 1968 1622 2026 iucundum,
1668 1970 1770 2015 sine
1809 1969 1935 2030 peri-

264 2040 386 2098 culo,
429 2040 490 2086 ad
532 2042 867 2100 quaestionem
907 2044 1121 2101 pertinet
1160 2042 1407 2089 utilitatis.
1450 2043 1536 2103 qui
1574 2043 1671 2088 loci
1710 2042 1936 2088 oriuntur

264 2129 319 2160 ex
359 2113 769 2160 contradictione:
809 2118 883 2161 est
924 2115 1122 2175 quidem
1160 2116 1297 2162 utile.
1337 2115 1420 2163 sed
1461 2115 1674 2174 difficile,
1713 2130 1936 2176 parvum,

179 2188 240 2232 28
262 2187 601 2245 iniucundum,
648 2188 990 2247 periculosum.
1038 2192 1205 2235 tamen
1254 2189 1545 2250 quibusdam
1591 2189 1787 2236 videtur
1834 2203 1935 2235 esse

265 2276 634 2321 nonnumquam
690 2261 746 2306 de
796 2261 1102 2309 iucunditate
1157 2263 1263 2309 sola
1313 2263 1623 2321 consultatio,
1677 2265 1733 2308 ut
1783 2264 1824 2309 si
1878 2262 1935 2308 de

267 2333 566 2380 aedificando
606 2334 813 2393 theatro,
852 2335 1169 2383 instituendis
1210 2336 1338 2382 ludis
1378 2336 1685 2383 deliberetur.
1733 2336 1815 2382 sed
1854 2351 1935 2381 ne-

266 2408 446 2454 minem
487 2407 606 2454 adeo
648 2407 862 2454 solutum
901 2409 1019 2455 luxu
1058 2412 1193 2470 puto,
1245 2413 1299 2456 ut-
1345 2410 1470 2456 nihil
1517 2411 1569 2455 in
1625 2424 1773 2456 causa
1827 2423 1936 2455 sua-

178 2482 240 2526 29
268 2480 414 2527 dendi
453 2484 687 2542 sequatur
716 2485 911 2541 praeter
950 2483 1268 2543 voluptatem.
1309 2484 1572 2544 praecedat
1596 2484 1725 2528 enim
1749 2497 1939 2542 semper

269 2555 456 2615 aliquid
495 2568 687 2601 necesse
728 2558 813 2614 est,
853 2559 907 2602 ut
946 2557 998 2602 in
1037 2556 1166 2603 ludis
1206 2557 1362 2603 honor
1400 2557 1614 2614 deorum,
1654 2556 1705 2602 in
1742 2556 1936 2602 theatro

267 2644 364 2674 non
418 2628 609 2674 inutilis
663 2628 888 2675 laborum
941 2631 1185 2688 remissio,
1237 2630 1466 2677 deformis
1529 2633 1576 2676 et
1629 2629 1939 2676 incommoda

388 2801 413 2839 8
447 2796 708 2853 Opitergini
743 2797 798 2839 ΤΞ
950 2803 1002 2840 15
1035 2799 1183 2853 possit
1215 2807 1250 2840 A
1403 2804 1455 2841 16
1491 2799 1705 2842 dixerunt
1734 2807 1779 2841 B

270 2861 323 2899 21
358 2856 643 2911 superiorum
675 2870 741 2900 om
775 2864 864 2898 BP
890 2858 982 2911 fort
1011 2863 1122 2900 recte
1241 2863 1294 2900 31
1329 2858 1376 2900 in
1409 2872 1477 2902 om
1516 2866 1561 2900 B

1953 882 1995 913 10

1955 1249 1996 1280 15

1957 1616 2000 1647 20

1960 1984 2001 2015 25

1961 2351 2004 2382 30
