<?xml version="1.0" encoding="UTF-8"?>
<!DOCTYPE html PUBLIC "-//W3C//DTD XHTML 1.0 Transitional//EN"
    "http://www.w3.org/TR/xhtml1/DTD/xhtml1-transitional.dtd">
<html xmlns="http://www.w3.org/1999/xhtml" xml:lang="en" lang="en">
 <head>
  <title>
</title>
<meta http-equiv="Content-Type" content="text/html;charset=utf-8" />
  <meta name='ocr-system' content='tesseract 3.04.00' />
  <meta name='ocr-capabilities' content='ocr_page ocr_carea ocr_par ocr_line ocrx_word'/>
</head>
<body>
  <div class='ocr_page' id='page_1' title='image "./institvtionisora00quinuoft/institvtionisora00quinuoft_0074.png"; bbox 0 0 2007 3120; ppageno 0'>
   <div class='ocr_carea' id='block_1_1' title="bbox 181 66 1356 119">
    <p class='ocr_par' dir='ltr' id='par_1_1' title="bbox 181 66 1356 119">
     <span class='ocr_line' id='line_1_1' title="bbox 181 66 1356 119; baseline -0.009 -1"><span class='ocrx_word' id='word_1_1' title='bbox 181 67 250 118; x_wconf 84' lang='lat'>56</span> <span class='ocrx_word' id='word_1_2' title='bbox 678 66 1052 119; x_wconf 86' lang='lat' dir='ltr'><strong>QVINTILIANI</strong></span> <span class='ocrx_word' id='word_1_3' title='bbox 1080 67 1230 110; x_wconf 87' lang='lat' dir='ltr'>INST.</span> <span class='ocrx_word' id='word_1_4' title='bbox 1265 66 1356 111; x_wconf 76' lang='grc' dir='ltr'>ΟΒ.</span> 
     </span>
    </p>
   </div>
   <div class='ocr_carea' id='block_1_2' title="bbox 121 205 1991 1498">
    <p class='ocr_par' dir='ltr' id='par_1_2' title="bbox 179 205 1853 266">
     <span class='ocr_line' id='line_1_2' title="bbox 179 205 1853 266; baseline 0.001 -15"><span class='ocrx_word' id='word_1_5' title='bbox 179 208 253 252; x_wconf 79' lang='grc' dir='ltr'>θεῖ</span> <span class='ocrx_word' id='word_1_6' title='bbox 305 206 448 265; x_wconf 85' lang='lat' dir='ltr'>ratio,</span> <span class='ocrx_word' id='word_1_7' title='bbox 501 206 659 252; x_wconf 87' lang='lat' dir='ltr'>forma</span> <span class='ocrx_word' id='word_1_8' title='bbox 713 205 918 265; x_wconf 83' lang='lat' dir='ltr'>diversa,</span> <span class='ocrx_word' id='word_1_9' title='bbox 975 208 1091 266; x_wconf 89' lang='lat' dir='ltr'>quia</span> <span class='ocrx_word' id='word_1_10' title='bbox 1145 206 1387 253; x_wconf 85' lang='lat' dir='ltr'>sententia</span> <span class='ocrx_word' id='word_1_11' title='bbox 1440 206 1730 253; x_wconf 87' lang='lat' dir='ltr'>universalis</span> <span class='ocrx_word' id='word_1_12' title='bbox 1778 208 1853 254; x_wconf 88' lang='lat' dir='ltr'>est</span> 
     </span>
    </p>

    <p class='ocr_par' dir='ltr' id='par_1_3' title="bbox 121 279 1854 631">
     <span class='ocr_line' id='line_1_3' title="bbox 121 279 1852 342; baseline 0.001 -18"><span class='ocrx_word' id='word_1_13' title='bbox 121 284 152 329; x_wconf 85' lang='lat'>4</span> <span class='ocrx_word' id='word_1_14' title='bbox 183 295 290 336; x_wconf 87' lang='lat' dir='ltr'>vox,</span> <span class='ocrx_word' id='word_1_15' title='bbox 331 279 578 341; x_wconf 77' lang='lat' dir='ltr'>ethologia</span> <span class='ocrx_word' id='word_1_16' title='bbox 615 280 836 339; x_wconf 88' lang='lat' dir='ltr'>personis</span> <span class='ocrx_word' id='word_1_17' title='bbox 876 281 1166 326; x_wconf 76' lang='lat' dir='ltr'><strong>continetur.</strong></span> <span class='ocrx_word' id='word_1_18' title='bbox 1207 280 1453 326; x_wconf 82' lang='lat' dir='ltr'>chriarum</span> <span class='ocrx_word' id='word_1_19' title='bbox 1490 280 1636 340; x_wconf 88' lang='lat' dir='ltr'>plura</span> <span class='ocrx_word' id='word_1_20' title='bbox 1675 295 1852 342; x_wconf 85' lang='lat' dir='ltr'>genera</span> 
     </span>
     <span class='ocr_line' id='line_1_4' title="bbox 180 352 1852 413; baseline 0.001 -16"><span class='ocrx_word' id='word_1_21' title='bbox 180 352 464 398; x_wconf 86' lang='lat' dir='ltr'>traduntur:</span> <span class='ocrx_word' id='word_1_22' title='bbox 518 368 670 398; x_wconf 89' lang='lat' dir='ltr'>unum</span> <span class='ocrx_word' id='word_1_23' title='bbox 716 352 874 398; x_wconf 90' lang='lat' dir='ltr'>simile</span> <span class='ocrx_word' id='word_1_24' title='bbox 922 354 1206 411; x_wconf 88' lang='lat' dir='ltr'>sententiae,</span> <span class='ocrx_word' id='word_1_25' title='bbox 1255 352 1384 412; x_wconf 91' lang='lat' dir='ltr'>quod</span> <span class='ocrx_word' id='word_1_26' title='bbox 1430 355 1503 400; x_wconf 89' lang='lat' dir='ltr'>est</span> <span class='ocrx_word' id='word_1_27' title='bbox 1547 353 1763 413; x_wconf 87' lang='lat' dir='ltr'>positum</span> <span class='ocrx_word' id='word_1_28' title='bbox 1799 354 1852 398; x_wconf 90' lang='lat' dir='ltr'>in</span> 
     </span>
     <span class='ocr_line' id='line_1_5' title="bbox 180 421 1854 486; baseline 0.001 -16"><span class='ocrx_word' id='word_1_29' title='bbox 180 440 298 471; x_wconf 84' lang='lat' dir='ltr'>voce</span> <span class='ocrx_word' id='word_1_30' title='bbox 332 425 542 485; x_wconf 75' lang='lat' dir='ltr'>simplici</span> <span class='ocrx_word' id='word_1_31' title='bbox 568 421 710 471; x_wconf 76' lang='lat' dir='ltr'>‘dixit</span> <span class='ocrx_word' id='word_1_32' title='bbox 741 422 840 470; x_wconf 86' lang='lat' dir='ltr'>ille&#39;</span> <span class='ocrx_word' id='word_1_33' title='bbox 877 428 961 472; x_wconf 89' lang='lat' dir='ltr'>aut</span> <span class='ocrx_word' id='word_1_34' title='bbox 996 422 1172 472; x_wconf 82' lang='lat' dir='ltr'>‘dicere</span> <span class='ocrx_word' id='word_1_35' title='bbox 1206 422 1434 472; x_wconf 85' lang='lat' dir='ltr'>solebat&#39;:</span> <span class='ocrx_word' id='word_1_36' title='bbox 1467 426 1691 485; x_wconf 86' lang='lat' dir='ltr'>alterum,</span> <span class='ocrx_word' id='word_1_37' title='bbox 1723 425 1854 486; x_wconf 91' lang='lat' dir='ltr'>quod</span> 
     </span>
     <span class='ocr_line' id='line_1_6' title="bbox 181 494 1854 560; baseline 0 -15"><span class='ocrx_word' id='word_1_38' title='bbox 181 500 255 545; x_wconf 87' lang='lat' dir='ltr'>est</span> <span class='ocrx_word' id='word_1_39' title='bbox 303 500 353 544; x_wconf 90' lang='lat' dir='ltr'>in</span> <span class='ocrx_word' id='word_1_40' title='bbox 404 498 737 558; x_wconf 89' lang='lat' dir='ltr'>respondendo</span> <span class='ocrx_word' id='word_1_41' title='bbox 792 495 1139 560; x_wconf 71' lang='lat' dir='ltr'>‘interrogatus</span> <span class='ocrx_word' id='word_1_42' title='bbox 1191 494 1306 557; x_wconf 81' lang='lat' dir='ltr'>ille’,</span> <span class='ocrx_word' id='word_1_43' title='bbox 1356 499 1436 546; x_wconf 86' lang='lat' dir='ltr'>vel</span> <span class='ocrx_word' id='word_1_44' title='bbox 1487 495 1619 545; x_wconf 79' lang='lat' dir='ltr'>‘cum</span> <span class='ocrx_word' id='word_1_45' title='bbox 1666 500 1758 545; x_wconf 91' lang='lat' dir='ltr'>hoc</span> <span class='ocrx_word' id='word_1_46' title='bbox 1807 500 1854 545; x_wconf 87' lang='lat' dir='ltr'>ei</span> 
     </span>
     <span class='ocr_line' id='line_1_7' title="bbox 181 567 1854 631; baseline 0.001 -14"><span class='ocrx_word' id='word_1_47' title='bbox 181 571 367 617; x_wconf 79' lang='lat' dir='ltr'>dictum</span> <span class='ocrx_word' id='word_1_48' title='bbox 406 575 544 629; x_wconf 86' lang='lat' dir='ltr'>esset,</span> <span class='ocrx_word' id='word_1_49' title='bbox 584 568 877 631; x_wconf 84' lang='lat' dir='ltr'>respondit’:</span> <span class='ocrx_word' id='word_1_50' title='bbox 917 574 1120 618; x_wconf 87' lang='lat' dir='ltr'>tertium</span> <span class='ocrx_word' id='word_1_51' title='bbox 1160 572 1275 618; x_wconf 89' lang='lat' dir='ltr'>huic</span> <span class='ocrx_word' id='word_1_52' title='bbox 1313 588 1411 618; x_wconf 94' lang='lat' dir='ltr'>non</span> <span class='ocrx_word' id='word_1_53' title='bbox 1449 571 1684 619; x_wconf 76' lang='lat' dir='ltr'>dissimile</span> <span class='ocrx_word' id='word_1_54' title='bbox 1725 567 1854 618; x_wconf 75' lang='lat' dir='ltr'>‘cum</span> 
     </span>
    </p>

    <p class='ocr_par' dir='ltr' id='par_1_4' title="bbox 122 641 1857 1145">
     <span class='ocr_line' id='line_1_8' title="bbox 122 641 1854 710; baseline 0.002 -21"><span class='ocrx_word' id='word_1_55' title='bbox 122 667 148 710; x_wconf 84' lang='lat'>5</span> <span class='ocrx_word' id='word_1_56' title='bbox 183 646 290 704; x_wconf 89' lang='lat' dir='ltr'>quis</span> <span class='ocrx_word' id='word_1_57' title='bbox 331 645 532 691; x_wconf 76' lang='lat' dir='ltr'>dixisset</span> <span class='ocrx_word' id='word_1_58' title='bbox 571 645 759 705; x_wconf 83' lang='lat' dir='ltr'>aliquid</span> <span class='ocrx_word' id='word_1_59' title='bbox 797 646 876 690; x_wconf 84' lang='lat' dir='ltr'>vel</span> <span class='ocrx_word' id='word_1_60' title='bbox 914 641 1142 692; x_wconf 83' lang='lat' dir='ltr'>fecisset&#39;.</span> <span class='ocrx_word' id='word_1_61' title='bbox 1184 645 1332 692; x_wconf 90' lang='lat' dir='ltr'>etiam</span> <span class='ocrx_word' id='word_1_62' title='bbox 1371 646 1421 691; x_wconf 87' lang='lat' dir='ltr'>in</span> <span class='ocrx_word' id='word_1_63' title='bbox 1460 646 1678 705; x_wconf 90' lang='lat' dir='ltr'>ipsorum</span> <span class='ocrx_word' id='word_1_64' title='bbox 1709 645 1854 692; x_wconf 82' lang='lat' dir='ltr'>factis</span> 
     </span>
     <span class='ocr_line' id='line_1_9' title="bbox 181 713 1853 778; baseline 0 -14"><span class='ocrx_word' id='word_1_65' title='bbox 181 732 282 765; x_wconf 89' lang='lat' dir='ltr'>esse</span> <span class='ocrx_word' id='word_1_66' title='bbox 344 718 512 764; x_wconf 86' lang='lat' dir='ltr'>chrian</span> <span class='ocrx_word' id='word_1_67' title='bbox 565 721 744 778; x_wconf 88' lang='lat' dir='ltr'>putant</span> <span class='ocrx_word' id='word_1_68' title='bbox 796 721 852 764; x_wconf 85' lang='lat' dir='ltr'>ut</span> <span class='ocrx_word' id='word_1_69' title='bbox 905 713 1120 776; x_wconf 64' lang='lat' dir='ltr'>tCrates,</span> <span class='ocrx_word' id='word_1_70' title='bbox 1183 734 1292 766; x_wconf 91' lang='lat' dir='ltr'>cum</span> <span class='ocrx_word' id='word_1_71' title='bbox 1344 718 1596 765; x_wconf 87' lang='lat' dir='ltr'>indoctum</span> <span class='ocrx_word' id='word_1_72' title='bbox 1647 733 1853 778; x_wconf 92' lang='lat' dir='ltr'>puerum</span> 
     </span>
     <span class='ocr_line' id='line_1_10' title="bbox 179 788 1857 853; baseline 0 -16"><span class='ocrx_word' id='word_1_73' title='bbox 179 791 396 849; x_wconf 85' lang='lat' dir='ltr'>vidisset,</span> <span class='ocrx_word' id='word_1_74' title='bbox 446 791 785 853; x_wconf 87' lang='lat' dir='ltr'>paedagogum</span> <span class='ocrx_word' id='word_1_75' title='bbox 834 792 936 838; x_wconf 89' lang='lat' dir='ltr'>eius</span> <span class='ocrx_word' id='word_1_76' title='bbox 982 788 1255 852; x_wconf 87' lang='lat' dir='ltr'>percussit&#39;,</span> <span class='ocrx_word' id='word_1_77' title='bbox 1307 795 1355 838; x_wconf 89' lang='lat' dir='ltr'>et</span> <span class='ocrx_word' id='word_1_78' title='bbox 1401 792 1536 837; x_wconf 88' lang='lat' dir='ltr'>aliud</span> <span class='ocrx_word' id='word_1_79' title='bbox 1573 807 1725 852; x_wconf 91' lang='lat' dir='ltr'>paene</span> <span class='ocrx_word' id='word_1_80' title='bbox 1765 806 1857 852; x_wconf 89' lang='lat' dir='ltr'>par</span> 
     </span>
     <span class='ocr_line' id='line_1_11' title="bbox 181 864 1854 925; baseline -0.001 -14"><span class='ocrx_word' id='word_1_81' title='bbox 181 864 238 922; x_wconf 87' lang='lat' dir='ltr'>ei,</span> <span class='ocrx_word' id='word_1_82' title='bbox 289 864 419 924; x_wconf 88' lang='lat' dir='ltr'>quod</span> <span class='ocrx_word' id='word_1_83' title='bbox 455 867 622 911; x_wconf 87' lang='lat' dir='ltr'>tamen</span> <span class='ocrx_word' id='word_1_84' title='bbox 662 865 830 912; x_wconf 88' lang='lat' dir='ltr'>eodem</span> <span class='ocrx_word' id='word_1_85' title='bbox 868 867 1064 912; x_wconf 86' lang='lat' dir='ltr'>nomine</span> <span class='ocrx_word' id='word_1_86' title='bbox 1105 866 1354 925; x_wconf 87' lang='lat' dir='ltr'>appellare</span> <span class='ocrx_word' id='word_1_87' title='bbox 1392 881 1491 911; x_wconf 91' lang='lat' dir='ltr'>non</span> <span class='ocrx_word' id='word_1_88' title='bbox 1531 865 1725 924; x_wconf 86' lang='lat' dir='ltr'>audent,</span> <span class='ocrx_word' id='word_1_89' title='bbox 1772 864 1854 912; x_wconf 88' lang='lat' dir='ltr'>sed</span> 
     </span>
     <span class='ocr_line' id='line_1_12' title="bbox 181 934 1855 999; baseline 0.001 -16"><span class='ocrx_word' id='word_1_90' title='bbox 181 937 349 984; x_wconf 92' lang='lat' dir='ltr'>dicunt</span> <span class='ocrx_word' id='word_1_91' title='bbox 388 937 624 999; x_wconf 74' lang='grc' dir='ltr'>χρειῶδες,</span> <span class='ocrx_word' id='word_1_92' title='bbox 663 941 719 984; x_wconf 90' lang='lat' dir='ltr'>ut</span> <span class='ocrx_word' id='word_1_93' title='bbox 759 934 913 997; x_wconf 67' lang='lat' dir='ltr'>Milo,</span> <span class='ocrx_word' id='word_1_94' title='bbox 954 955 1098 998; x_wconf 92' lang='lat' dir='ltr'>quem</span> <span class='ocrx_word' id='word_1_95' title='bbox 1135 939 1347 985; x_wconf 86' lang='lat' dir='ltr'>vitulum</span> <span class='ocrx_word' id='word_1_96' title='bbox 1387 938 1678 985; x_wconf 87' lang='lat' dir='ltr'>adsueverat</span> <span class='ocrx_word' id='word_1_97' title='bbox 1714 939 1855 996; x_wconf 87' lang='lat' dir='ltr'>ferre,</span> 
     </span>
     <span class='ocr_line' id='line_1_13' title="bbox 179 1008 1856 1072; baseline -0.001 -14"><span class='ocrx_word' id='word_1_98' title='bbox 179 1014 378 1058; x_wconf 90' lang='lat' dir='ltr'>taurum</span> <span class='ocrx_word' id='word_1_99' title='bbox 416 1008 637 1058; x_wconf 83' lang='lat' dir='ltr'>ferebat⁷.</span> <span class='ocrx_word' id='word_1_100' title='bbox 677 1013 728 1057; x_wconf 89' lang='lat' dir='ltr'>in</span> <span class='ocrx_word' id='word_1_101' title='bbox 767 1011 843 1058; x_wconf 81' lang='lat' dir='ltr'>&#39;nis</span> <span class='ocrx_word' id='word_1_102' title='bbox 884 1012 1107 1059; x_wconf 91' lang='lat' dir='ltr'>omnibus</span> <span class='ocrx_word' id='word_1_103' title='bbox 1148 1015 1197 1058; x_wconf 89' lang='lat' dir='ltr'>et</span> <span class='ocrx_word' id='word_1_104' title='bbox 1235 1012 1498 1059; x_wconf 88' lang='lat' dir='ltr'>declinatio</span> <span class='ocrx_word' id='word_1_105' title='bbox 1536 1027 1624 1072; x_wconf 91' lang='lat' dir='ltr'>per</span> <span class='ocrx_word' id='word_1_106' title='bbox 1663 1011 1856 1058; x_wconf 90' lang='lat' dir='ltr'>eosdem</span> 
     </span>
     <span class='ocr_line' id='line_1_14' title="bbox 181 1084 1855 1145; baseline 0 -15"><span class='ocrx_word' id='word_1_107' title='bbox 181 1084 375 1130; x_wconf 75' lang='lat' dir='ltr'>ducitur</span> <span class='ocrx_word' id='word_1_108' title='bbox 424 1099 578 1143; x_wconf 88' lang='lat' dir='ltr'>casus,</span> <span class='ocrx_word' id='word_1_109' title='bbox 625 1087 674 1130; x_wconf 92' lang='lat' dir='ltr'>et</span> <span class='ocrx_word' id='word_1_110' title='bbox 713 1087 815 1131; x_wconf 89' lang='lat' dir='ltr'>tam</span> <span class='ocrx_word' id='word_1_111' title='bbox 855 1086 1097 1132; x_wconf 87' lang='lat' dir='ltr'>factorum</span> <span class='ocrx_word' id='word_1_112' title='bbox 1138 1101 1284 1145; x_wconf 88' lang='lat' dir='ltr'>quam</span> <span class='ocrx_word' id='word_1_113' title='bbox 1324 1085 1563 1132; x_wconf 89' lang='lat' dir='ltr'>dictorum</span> <span class='ocrx_word' id='word_1_114' title='bbox 1602 1086 1729 1132; x_wconf 86' lang='lat' dir='ltr'>ratio</span> <span class='ocrx_word' id='word_1_115' title='bbox 1770 1087 1855 1131; x_wconf 91' lang='lat' dir='ltr'>est.</span> 
     </span>
    </p>

    <p class='ocr_par' dir='ltr' id='par_1_5' title="bbox 126 1158 1991 1498">
     <span class='ocr_line' id='line_1_15' title="bbox 126 1158 1856 1218; baseline -0.001 -12"><span class='ocrx_word' id='word_1_116' title='bbox 126 1163 155 1206; x_wconf 78' lang='lat'>6</span> <span class='ocrx_word' id='word_1_117' title='bbox 181 1158 576 1204; x_wconf 83' lang='lat' dir='ltr'>narratiunculas</span> <span class='ocrx_word' id='word_1_118' title='bbox 617 1174 644 1204; x_wconf 86' lang='lat' dir='ltr'>a</span> <span class='ocrx_word' id='word_1_119' title='bbox 682 1160 841 1218; x_wconf 87' lang='lat' dir='ltr'>poetis</span> <span class='ocrx_word' id='word_1_120' title='bbox 882 1159 1150 1205; x_wconf 88' lang='lat' dir='ltr'>celebratas</span> <span class='ocrx_word' id='word_1_121' title='bbox 1190 1159 1396 1205; x_wconf 86' lang='lat' dir='ltr'>notitiae</span> <span class='ocrx_word' id='word_1_122' title='bbox 1429 1174 1589 1218; x_wconf 82' lang='lat' dir='ltr'>causa,</span> <span class='ocrx_word' id='word_1_123' title='bbox 1628 1174 1725 1205; x_wconf 94' lang='lat' dir='ltr'>non</span> <span class='ocrx_word' id='word_1_124' title='bbox 1759 1158 1856 1204; x_wconf 92' lang='lat' dir='ltr'>elo-</span> 
     </span>
     <span class='ocr_line' id='line_1_16' title="bbox 183 1231 1991 1293; baseline 0.001 -17"><span class='ocrx_word' id='word_1_125' title='bbox 183 1233 410 1291; x_wconf 83' lang='lat' dir='ltr'>quentiae</span> <span class='ocrx_word' id='word_1_126' title='bbox 448 1231 732 1278; x_wconf 86' lang='lat' dir='ltr'>tractandas</span> <span class='ocrx_word' id='word_1_127' title='bbox 770 1234 904 1292; x_wconf 92' lang='lat' dir='ltr'>puto.</span> <span class='ocrx_word' id='word_1_128' title='bbox 954 1235 1113 1279; x_wconf 87' lang='lat' dir='ltr'>cetera</span> <span class='ocrx_word' id='word_1_129' title='bbox 1145 1234 1343 1279; x_wconf 89' lang='lat' dir='ltr'>maioris</span> <span class='ocrx_word' id='word_1_130' title='bbox 1377 1234 1536 1292; x_wconf 90' lang='lat' dir='ltr'>operis</span> <span class='ocrx_word' id='word_1_131' title='bbox 1570 1247 1626 1279; x_wconf 90' lang='lat' dir='ltr'>ac</span> <span class='ocrx_word' id='word_1_132' title='bbox 1656 1233 1856 1292; x_wconf 88' lang='lat' dir='ltr'>spiritus</span> <span class='ocrx_word' id='word_1_133' title='bbox 1904 1247 1922 1278; x_wconf 86' lang='lat'>5</span> <span class='ocrx_word' id='word_1_134' title='bbox 1989 1282 1991 1293; x_wconf 42' lang='grc' dir='ltr'>Ι</span> 
     </span>
     <span class='ocr_line' id='line_1_17' title="bbox 181 1304 1857 1368; baseline 0.001 -18"><span class='ocrx_word' id='word_1_135' title='bbox 181 1304 348 1350; x_wconf 86' lang='lat' dir='ltr'>Latini</span> <span class='ocrx_word' id='word_1_136' title='bbox 394 1305 612 1351; x_wconf 88' lang='lat' dir='ltr'>rhetores</span> <span class='ocrx_word' id='word_1_137' title='bbox 658 1305 976 1365; x_wconf 89' lang='lat' dir='ltr'>relinquendo</span> <span class='ocrx_word' id='word_1_138' title='bbox 1028 1306 1299 1352; x_wconf 81' lang='lat' dir='ltr'>necessaria</span> <span class='ocrx_word' id='word_1_139' title='bbox 1350 1306 1684 1368; x_wconf 84' lang='lat' dir='ltr'>grammaticis</span> <span class='ocrx_word' id='word_1_140' title='bbox 1734 1305 1857 1352; x_wconf 87' lang='lat' dir='ltr'>fece-</span> 
     </span>
     <span class='ocr_line' id='line_1_18' title="bbox 180 1376 1859 1441; baseline 0.001 -18"><span class='ocrx_word' id='word_1_141' title='bbox 180 1382 316 1424; x_wconf 86' lang='lat' dir='ltr'>runt:</span> <span class='ocrx_word' id='word_1_142' title='bbox 372 1376 546 1424; x_wconf 85' lang='lat' dir='ltr'>Graeci</span> <span class='ocrx_word' id='word_1_143' title='bbox 591 1380 748 1441; x_wconf 88' lang='lat' dir='ltr'>magis</span> <span class='ocrx_word' id='word_1_144' title='bbox 797 1394 997 1439; x_wconf 88' lang='lat' dir='ltr'>operum</span> <span class='ocrx_word' id='word_1_145' title='bbox 1044 1394 1241 1426; x_wconf 89' lang='lat' dir='ltr'>suorum</span> <span class='ocrx_word' id='word_1_146' title='bbox 1290 1382 1337 1425; x_wconf 87' lang='lat' dir='ltr'>et</span> <span class='ocrx_word' id='word_1_147' title='bbox 1384 1394 1532 1425; x_wconf 88' lang='lat' dir='ltr'>onera</span> <span class='ocrx_word' id='word_1_148' title='bbox 1572 1381 1621 1425; x_wconf 93' lang='lat' dir='ltr'>et</span> <span class='ocrx_word' id='word_1_149' title='bbox 1658 1378 1859 1425; x_wconf 89' lang='lat' dir='ltr'>modum</span> 
     </span>
     <span class='ocr_line' id='line_1_19' title="bbox 181 1454 373 1498; baseline -0.005 0"><span class='ocrx_word' id='word_1_150' title='bbox 181 1454 373 1498; x_wconf 91' lang='lat' dir='ltr'>norunt.</span> 
     </span>
    </p>
   </div>
   <div class='ocr_carea' id='block_1_3' title="bbox 249 1575 1771 1694">
    <p class='ocr_par' dir='ltr' id='par_1_6' title="bbox 249 1575 1771 1694">
     <span class='ocr_line' id='line_1_20' title="bbox 249 1575 1771 1633; baseline 0 -15"><span class='ocrx_word' id='word_1_151' title='bbox 249 1576 355 1633; x_wconf 82' lang='lat' dir='ltr'>[AN</span> <span class='ocrx_word' id='word_1_152' title='bbox 396 1575 662 1620; x_wconf 74' lang='lat' dir='ltr'>oRAToffl</span> <span class='ocrx_word' id='word_1_153' title='bbox 700 1577 941 1620; x_wconf 74' lang='lat' dir='ltr'>FUTURo</span> <span class='ocrx_word' id='word_1_154' title='bbox 975 1576 1345 1620; x_wconf 70' lang='lat' dir='ltr'>NEoEssAfflA</span> <span class='ocrx_word' id='word_1_155' title='bbox 1379 1577 1467 1619; x_wconf 80' lang='grc' dir='ltr'>ειΤ</span> <span class='ocrx_word' id='word_1_156' title='bbox 1499 1577 1771 1620; x_wconf 83' lang='lat' dir='ltr'>PLURIUM</span> 
     </span>
     <span class='ocr_line' id='line_1_21' title="bbox 740 1635 1322 1694; baseline 0 -16"><span class='ocrx_word' id='word_1_157' title='bbox 740 1635 974 1678; x_wconf 81' lang='lat' dir='ltr'><strong>ARTIUM</strong></span> <span class='ocrx_word' id='word_1_158' title='bbox 1008 1635 1322 1694; x_wconf 71' lang='lat' dir='ltr'>oocNirio]</span> 
     </span>
    </p>
   </div>
   <div class='ocr_carea' id='block_1_4' title="bbox 131 1730 1925 2600">
    <p class='ocr_par' dir='ltr' id='par_1_7' title="bbox 131 1730 1925 2528">
     <span class='ocr_line' id='line_1_22' title="bbox 133 1730 1860 1792; baseline -0.001 -13"><span class='ocrx_word' id='word_1_159' title='bbox 133 1737 158 1779; x_wconf 95' lang='lat'>1</span> <span class='ocrx_word' id='word_1_160' title='bbox 295 1730 351 1776; x_wconf 89' lang='lat' dir='ltr'>X.</span> <span class='ocrx_word' id='word_1_161' title='bbox 407 1730 538 1777; x_wconf 87' lang='lat' dir='ltr'>Haec</span> <span class='ocrx_word' id='word_1_162' title='bbox 586 1731 644 1777; x_wconf 93' lang='lat' dir='ltr'>de</span> <span class='ocrx_word' id='word_1_163' title='bbox 684 1732 1016 1792; x_wconf 84' lang='lat' dir='ltr'>grammatice,</span> <span class='ocrx_word' id='word_1_164' title='bbox 1057 1747 1204 1791; x_wconf 87' lang='lat' dir='ltr'>quam</span> <span class='ocrx_word' id='word_1_165' title='bbox 1242 1731 1525 1778; x_wconf 84' lang='lat' dir='ltr'>brevissime</span> <span class='ocrx_word' id='word_1_166' title='bbox 1563 1731 1716 1792; x_wconf 85' lang='lat' dir='ltr'>potui,</span> <span class='ocrx_word' id='word_1_167' title='bbox 1763 1746 1860 1777; x_wconf 92' lang='lat' dir='ltr'>non</span> 
     </span>
     <span class='ocr_line' id='line_1_23' title="bbox 185 1803 1860 1865; baseline 0.001 -15"><span class='ocrx_word' id='word_1_168' title='bbox 185 1808 241 1850; x_wconf 91' lang='lat' dir='ltr'>ut</span> <span class='ocrx_word' id='word_1_169' title='bbox 288 1805 451 1850; x_wconf 91' lang='lat' dir='ltr'>omnia</span> <span class='ocrx_word' id='word_1_170' title='bbox 498 1804 705 1851; x_wconf 89' lang='lat' dir='ltr'>dicerem</span> <span class='ocrx_word' id='word_1_171' title='bbox 755 1808 983 1864; x_wconf 86' lang='lat' dir='ltr'>sectatus,</span> <span class='ocrx_word' id='word_1_172' title='bbox 1039 1805 1168 1865; x_wconf 89' lang='lat' dir='ltr'>quod</span> <span class='ocrx_word' id='word_1_173' title='bbox 1212 1805 1458 1851; x_wconf 88' lang='lat' dir='ltr'>infinitum</span> <span class='ocrx_word' id='word_1_174' title='bbox 1509 1808 1627 1864; x_wconf 84' lang='lat' dir='ltr'>erat,</span> <span class='ocrx_word' id='word_1_175' title='bbox 1682 1803 1767 1851; x_wconf 88' lang='lat' dir='ltr'>sed</span> <span class='ocrx_word' id='word_1_176' title='bbox 1805 1807 1860 1850; x_wconf 91' lang='lat' dir='ltr'>ut</span> 
     </span>
     <span class='ocr_line' id='line_1_24' title="bbox 185 1878 1859 1938; baseline 0.001 -15"><span class='ocrx_word' id='word_1_177' title='bbox 185 1878 394 1924; x_wconf 81' lang='lat' dir='ltr'>maxime</span> <span class='ocrx_word' id='word_1_178' title='bbox 433 1879 718 1925; x_wconf 87' lang='lat' dir='ltr'>necessaria.</span> <span class='ocrx_word' id='word_1_179' title='bbox 774 1893 903 1925; x_wconf 93' lang='lat' dir='ltr'>nunc</span> <span class='ocrx_word' id='word_1_180' title='bbox 943 1879 1001 1925; x_wconf 91' lang='lat' dir='ltr'>de</span> <span class='ocrx_word' id='word_1_181' title='bbox 1042 1880 1212 1925; x_wconf 89' lang='lat' dir='ltr'>ceteris</span> <span class='ocrx_word' id='word_1_182' title='bbox 1254 1879 1457 1938; x_wconf 83' lang='lat' dir='ltr'>artibus,</span> <span class='ocrx_word' id='word_1_183' title='bbox 1505 1878 1682 1938; x_wconf 90' lang='lat' dir='ltr'>quibus</span> <span class='ocrx_word' id='word_1_184' title='bbox 1720 1878 1859 1924; x_wconf 89' lang='lat' dir='ltr'>insti-</span> 
     </span>
     <span class='ocr_line' id='line_1_25' title="bbox 185 1950 1859 2012; baseline 0.001 -15"><span class='ocrx_word' id='word_1_185' title='bbox 185 1950 416 2010; x_wconf 86' lang='lat' dir='ltr'>tuendos,</span> <span class='ocrx_word' id='word_1_186' title='bbox 470 1953 756 2012; x_wconf 89' lang='lat' dir='ltr'>priusquam</span> <span class='ocrx_word' id='word_1_187' title='bbox 811 1952 997 1998; x_wconf 88' lang='lat' dir='ltr'>rhetori</span> <span class='ocrx_word' id='word_1_188' title='bbox 1050 1952 1336 2010; x_wconf 85' lang='lat' dir='ltr'>tradantur,</span> <span class='ocrx_word' id='word_1_189' title='bbox 1390 1967 1565 2012; x_wconf 88' lang='lat' dir='ltr'>pueros</span> <span class='ocrx_word' id='word_1_190' title='bbox 1620 1953 1859 2010; x_wconf 85' lang='lat' dir='ltr'>existimo,</span> 
     </span>
     <span class='ocr_line' id='line_1_26' title="bbox 186 2024 1925 2086; baseline 0.001 -16"><span class='ocrx_word' id='word_1_191' title='bbox 186 2026 393 2071; x_wconf 86' lang='lat' dir='ltr'>strictim</span> <span class='ocrx_word' id='word_1_192' title='bbox 426 2024 732 2086; x_wconf 90' lang='lat' dir='ltr'>subiungam,</span> <span class='ocrx_word' id='word_1_193' title='bbox 771 2029 825 2072; x_wconf 90' lang='lat' dir='ltr'>ut</span> <span class='ocrx_word' id='word_1_194' title='bbox 859 2025 1100 2072; x_wconf 86' lang='lat' dir='ltr'>efficiatur</span> <span class='ocrx_word' id='word_1_195' title='bbox 1131 2025 1262 2072; x_wconf 87' lang='lat' dir='ltr'>orbis</span> <span class='ocrx_word' id='word_1_196' title='bbox 1294 2025 1379 2071; x_wconf 91' lang='lat' dir='ltr'>ille</span> <span class='ocrx_word' id='word_1_197' title='bbox 1412 2025 1676 2083; x_wconf 84' lang='lat' dir='ltr'>doctrinae,</span> <span class='ocrx_word' id='word_1_198' title='bbox 1716 2041 1859 2085; x_wconf 90' lang='lat' dir='ltr'>quem</span> <span class='ocrx_word' id='word_1_199' title='bbox 1907 2039 1925 2071; x_wconf 86' lang='lat'>5</span> 
     </span>
     <span class='ocr_line' id='line_1_27' title="bbox 186 2096 1860 2161; baseline 0 -17"><span class='ocrx_word' id='word_1_200' title='bbox 186 2096 357 2144; x_wconf 86' lang='lat' dir='ltr'>Graeci</span> <span class='ocrx_word' id='word_1_201' title='bbox 397 2096 651 2161; x_wconf 75' lang='grc' dir='ltr'><em>ἐγκύκλιον</em></span> <span class='ocrx_word' id='word_1_202' title='bbox 689 2099 915 2145; x_wconf 76' lang='grc' dir='ltr'>παιδείαν</span> <span class='ocrx_word' id='word_1_203' title='bbox 963 2101 1152 2146; x_wconf 87' lang='lat' dir='ltr'>vocant.</span> <span class='ocrx_word' id='word_1_204' title='bbox 1215 2115 1329 2145; x_wconf 91' lang='lat' dir='ltr'>nam</span> <span class='ocrx_word' id='word_1_205' title='bbox 1373 2099 1530 2145; x_wconf 89' lang='lat' dir='ltr'>isdem</span> <span class='ocrx_word' id='word_1_206' title='bbox 1574 2099 1673 2144; x_wconf 83' lang='lat' dir='ltr'>fere</span> <span class='ocrx_word' id='word_1_207' title='bbox 1722 2100 1860 2144; x_wconf 90' lang='lat' dir='ltr'>annis</span> 
     </span>
     <span class='ocr_line' id='line_1_28' title="bbox 187 2171 1859 2234; baseline 0 -17"><span class='ocrx_word' id='word_1_208' title='bbox 187 2172 396 2217; x_wconf 89' lang='lat' dir='ltr'>aliarum</span> <span class='ocrx_word' id='word_1_209' title='bbox 451 2186 644 2232; x_wconf 89' lang='lat' dir='ltr'>quoque</span> <span class='ocrx_word' id='word_1_210' title='bbox 700 2172 1069 2232; x_wconf 87' lang='lat' dir='ltr'>disciplinarum</span> <span class='ocrx_word' id='word_1_211' title='bbox 1123 2172 1285 2219; x_wconf 81' lang='lat' dir='ltr'>studia</span> <span class='ocrx_word' id='word_1_212' title='bbox 1345 2171 1665 2234; x_wconf 86' lang='lat' dir='ltr'>ingredienda</span> <span class='ocrx_word' id='word_1_213' title='bbox 1726 2174 1859 2219; x_wconf 91' lang='lat' dir='ltr'>sunt:</span> 
     </span>
     <span class='ocr_line' id='line_1_29' title="bbox 187 2245 1859 2306; baseline 0 -16"><span class='ocrx_word' id='word_1_214' title='bbox 187 2260 311 2305; x_wconf 90' lang='lat' dir='ltr'>quae</span> <span class='ocrx_word' id='word_1_215' title='bbox 375 2246 491 2306; x_wconf 88' lang='lat' dir='ltr'>quia</span> <span class='ocrx_word' id='word_1_216' title='bbox 559 2248 607 2292; x_wconf 91' lang='lat' dir='ltr'>et</span> <span class='ocrx_word' id='word_1_217' title='bbox 659 2246 794 2306; x_wconf 87' lang='lat' dir='ltr'>ipsae</span> <span class='ocrx_word' id='word_1_218' title='bbox 851 2249 978 2293; x_wconf 84' lang='lat' dir='ltr'>artes</span> <span class='ocrx_word' id='word_1_219' title='bbox 1034 2249 1147 2293; x_wconf 89' lang='lat' dir='ltr'>sunt</span> <span class='ocrx_word' id='word_1_220' title='bbox 1202 2249 1250 2291; x_wconf 90' lang='lat' dir='ltr'>et</span> <span class='ocrx_word' id='word_1_221' title='bbox 1304 2261 1405 2292; x_wconf 89' lang='lat' dir='ltr'>esse</span> <span class='ocrx_word' id='word_1_222' title='bbox 1459 2245 1702 2306; x_wconf 88' lang='lat' dir='ltr'>perfectae</span> <span class='ocrx_word' id='word_1_223' title='bbox 1755 2246 1859 2292; x_wconf 88' lang='lat' dir='ltr'>sine</span> 
     </span>
     <span class='ocr_line' id='line_1_30' title="bbox 188 2318 1859 2380; baseline 0 -16"><span class='ocrx_word' id='word_1_224' title='bbox 188 2318 358 2365; x_wconf 89' lang='lat' dir='ltr'>orandi</span> <span class='ocrx_word' id='word_1_225' title='bbox 391 2319 595 2365; x_wconf 90' lang='lat' dir='ltr'>scientia</span> <span class='ocrx_word' id='word_1_226' title='bbox 626 2322 831 2380; x_wconf 82' lang='lat' dir='ltr'>possunt</span> <span class='ocrx_word' id='word_1_227' title='bbox 861 2334 948 2366; x_wconf 92' lang='lat' dir='ltr'>nec</span> <span class='ocrx_word' id='word_1_228' title='bbox 978 2335 1146 2366; x_wconf 85' lang='lat' dir='ltr'>rursus</span> <span class='ocrx_word' id='word_1_229' title='bbox 1181 2319 1240 2366; x_wconf 91' lang='lat' dir='ltr'>ad</span> <span class='ocrx_word' id='word_1_230' title='bbox 1275 2318 1583 2365; x_wconf 87' lang='lat' dir='ltr'>efficiendum</span> <span class='ocrx_word' id='word_1_231' title='bbox 1616 2320 1859 2366; x_wconf 91' lang='lat' dir='ltr'>oratorem</span> 
     </span>
     <span class='ocr_line' id='line_1_31' title="bbox 188 2392 1903 2454; baseline 0 -16"><span class='ocrx_word' id='word_1_232' title='bbox 188 2393 307 2438; x_wconf 87' lang='lat' dir='ltr'>satis</span> <span class='ocrx_word' id='word_1_233' title='bbox 340 2392 506 2439; x_wconf 87' lang='lat' dir='ltr'>valent</span> <span class='ocrx_word' id='word_1_234' title='bbox 537 2393 683 2452; x_wconf 88' lang='lat' dir='ltr'>solae,</span> <span class='ocrx_word' id='word_1_235' title='bbox 723 2409 786 2439; x_wconf 89' lang='lat' dir='ltr'>an</span> <span class='ocrx_word' id='word_1_236' title='bbox 818 2393 917 2440; x_wconf 90' lang='lat' dir='ltr'>sint</span> <span class='ocrx_word' id='word_1_237' title='bbox 947 2393 1060 2439; x_wconf 88' lang='lat' dir='ltr'>huic</span> <span class='ocrx_word' id='word_1_238' title='bbox 1092 2393 1226 2454; x_wconf 88' lang='lat' dir='ltr'>operi</span> <span class='ocrx_word' id='word_1_239' title='bbox 1251 2393 1567 2451; x_wconf 83' lang='lat' dir='ltr'>necessariae,</span> <span class='ocrx_word' id='word_1_240' title='bbox 1592 2392 1857 2452; x_wconf 86' lang='lat' dir='ltr'>quaeritur.</span> <span class='ocrx_word' id='word_1_241' title='bbox 1885 2407 1903 2438; x_wconf 85' lang='lat'><strong>3</strong></span> 
     </span>
     <span class='ocr_line' id='line_1_32' title="bbox 131 2465 1860 2528; baseline -0.002 -14"><span class='ocrx_word' id='word_1_242' title='bbox 131 2471 160 2514; x_wconf 82' lang='lat'><strong>3</strong></span> <span class='ocrx_word' id='word_1_243' title='bbox 188 2481 300 2511; x_wconf 90' lang='lat' dir='ltr'>nam</span> <span class='ocrx_word' id='word_1_244' title='bbox 341 2465 475 2526; x_wconf 90' lang='lat' dir='ltr'>quid,</span> <span class='ocrx_word' id='word_1_245' title='bbox 513 2466 758 2526; x_wconf 86' lang='lat' dir='ltr'>inquiunt,</span> <span class='ocrx_word' id='word_1_246' title='bbox 800 2467 861 2513; x_wconf 87' lang='lat' dir='ltr'>ad</span> <span class='ocrx_word' id='word_1_247' title='bbox 901 2467 1140 2528; x_wconf 88' lang='lat' dir='ltr'>agendam</span> <span class='ocrx_word' id='word_1_248' title='bbox 1180 2481 1376 2513; x_wconf 88' lang='lat' dir='ltr'>causam</span> <span class='ocrx_word' id='word_1_249' title='bbox 1409 2465 1723 2512; x_wconf 85' lang='lat' dir='ltr'>dicendamve</span> <span class='ocrx_word' id='word_1_250' title='bbox 1754 2480 1860 2512; x_wconf 88' lang='lat' dir='ltr'>sen-</span> 
     </span>
    </p>

    <p class='ocr_par' dir='ltr' id='par_1_8' title="bbox 187 2539 1860 2600">
     <span class='ocr_line' id='line_1_33' title="bbox 187 2539 1860 2600; baseline 0 -15"><span class='ocrx_word' id='word_1_251' title='bbox 187 2540 394 2585; x_wconf 88' lang='lat' dir='ltr'>tentiam</span> <span class='ocrx_word' id='word_1_252' title='bbox 441 2540 668 2599; x_wconf 89' lang='lat' dir='ltr'>pertinet,</span> <span class='ocrx_word' id='word_1_253' title='bbox 716 2541 850 2599; x_wconf 86' lang='lat' dir='ltr'>scire,</span> <span class='ocrx_word' id='word_1_254' title='bbox 899 2556 1040 2600; x_wconf 90' lang='lat' dir='ltr'>quem</span> <span class='ocrx_word' id='word_1_255' title='bbox 1089 2540 1150 2586; x_wconf 89' lang='lat' dir='ltr'>ad</span> <span class='ocrx_word' id='word_1_256' title='bbox 1188 2540 1386 2586; x_wconf 92' lang='lat' dir='ltr'>modum</span> <span class='ocrx_word' id='word_1_257' title='bbox 1426 2539 1541 2586; x_wconf 86' lang='lat' dir='ltr'>data</span> <span class='ocrx_word' id='word_1_258' title='bbox 1579 2539 1710 2586; x_wconf 87' lang='lat' dir='ltr'>linea</span> <span class='ocrx_word' id='word_1_259' title='bbox 1749 2552 1860 2585; x_wconf 87' lang='lat' dir='ltr'>con-</span> 
     </span>
    </p>
   </div>
   <div class='ocr_carea' id='block_1_5' title="bbox 127 2104 155 2147">
    <p class='ocr_par' dir='ltr' id='par_1_9' title="bbox 127 2104 155 2147">
     <span class='ocr_line' id='line_1_34' title="bbox 127 2104 155 2147; textangle 90"><span class='ocrx_word' id='word_1_260' title='bbox 127 2104 155 2147; x_wconf 65' lang='grc' dir='ltr'>ιθ</span> 
     </span>
    </p>
   </div>
   <div class='ocr_carea' id='block_1_6' title="bbox 246 2632 537 2635">
    <p class='ocr_par' dir='ltr' id='par_1_10' title="bbox 246 2632 537 2635">
     <span class='ocr_line' id='line_1_35' title="bbox 246 2632 537 2635; baseline 0 0"><span class='ocrx_word' id='word_1_261' title='bbox 246 2632 537 2635; x_wconf 95' lang='lat' dir='ltr'> </span> 
     </span>
    </p>
   </div>
   <div class='ocr_carea' id='block_1_7' title="bbox 189 2678 1860 2898">
    <p class='ocr_par' dir='ltr' id='par_1_11' title="bbox 189 2678 1860 2898">
     <span class='ocr_line' id='line_1_36' title="bbox 308 2678 1860 2734; baseline 0.001 -15"><span class='ocrx_word' id='word_1_262' title='bbox 308 2684 332 2720; x_wconf 82' lang='lat'>5</span> <span class='ocrx_word' id='word_1_263' title='bbox 376 2678 448 2720; x_wconf 89' lang='lat' dir='ltr'>vel</span> <span class='ocrx_word' id='word_1_264' title='bbox 479 2687 578 2721; x_wconf 78' lang='lat' dir='ltr'>AP:</span> <span class='ocrx_word' id='word_1_265' title='bbox 624 2681 670 2721; x_wconf 89' lang='lat' dir='ltr'>et</span> <span class='ocrx_word' id='word_1_266' title='bbox 708 2687 753 2721; x_wconf 99' lang='grc' dir='ltr'><em>Β</em></span> <span class='ocrx_word' id='word_1_267' title='bbox 789 2683 793 2734; x_wconf 88' lang='grc' dir='ltr'>Ι</span> <span class='ocrx_word' id='word_1_268' title='bbox 831 2679 919 2722; x_wconf 91' lang='lat' dir='ltr'>hoc</span> <span class='ocrx_word' id='word_1_269' title='bbox 962 2693 1028 2722; x_wconf 84' lang='lat' dir='ltr'>om</span> <span class='ocrx_word' id='word_1_270' title='bbox 1066 2680 1127 2721; x_wconf 81' lang='grc' dir='ltr'>Βι</span> <span class='ocrx_word' id='word_1_271' title='bbox 1280 2684 1331 2721; x_wconf 85' lang='grc'>16</span> <span class='ocrx_word' id='word_1_272' title='bbox 1375 2679 1580 2721; x_wconf 86' lang='lat' dir='ltr'>rhetores</span> <span class='ocrx_word' id='word_1_273' title='bbox 1625 2686 1681 2721; x_wconf 76' lang='lat' dir='ltr'>A:</span> <span class='ocrx_word' id='word_1_274' title='bbox 1728 2691 1860 2733; x_wconf 88' lang='lat' dir='ltr'>prae-</span> 
     </span>
     <span class='ocr_line' id='line_1_37' title="bbox 190 2739 1857 2795; baseline 0 -17"><span class='ocrx_word' id='word_1_275' title='bbox 190 2739 395 2791; x_wconf 84' lang='lat' dir='ltr'>ceptores</span> <span class='ocrx_word' id='word_1_276' title='bbox 442 2745 530 2778; x_wconf 84' lang='lat' dir='ltr'>BP</span> <span class='ocrx_word' id='word_1_277' title='bbox 684 2743 736 2780; x_wconf 78' lang='grc'>21</span> <span class='ocrx_word' id='word_1_278' title='bbox 785 2739 937 2795; x_wconf 90' lang='lat' dir='ltr'>potui]</span> <span class='ocrx_word' id='word_1_279' title='bbox 986 2739 1122 2793; x_wconf 81' lang='lat' dir='ltr'>posui</span> <span class='ocrx_word' id='word_1_280' title='bbox 1171 2739 1365 2795; x_wconf 67' lang='lat' dir='ltr'>Madv-1⁴9</span> <span class='ocrx_word' id='word_1_281' title='bbox 1515 2742 1569 2779; x_wconf 81' lang='lat'>25</span> <span class='ocrx_word' id='word_1_282' title='bbox 1618 2749 1754 2791; x_wconf 89' lang='lat' dir='ltr'>quem</span> <span class='ocrx_word' id='word_1_283' title='bbox 1800 2744 1857 2778; x_wconf 78' lang='lat' dir='ltr'>A:</span> 
     </span>
     <span class='ocr_line' id='line_1_38' title="bbox 189 2795 1860 2852; baseline 0.001 -16"><span class='ocrx_word' id='word_1_284' title='bbox 189 2808 328 2849; x_wconf 89' lang='lat' dir='ltr'>quam</span> <span class='ocrx_word' id='word_1_285' title='bbox 359 2803 448 2837; x_wconf 83' lang='lat' dir='ltr'>BP</span> <span class='ocrx_word' id='word_1_286' title='bbox 564 2801 617 2838; x_wconf 83' lang='lat'>26</span> <span class='ocrx_word' id='word_1_287' title='bbox 652 2795 870 2852; x_wconf 78' lang='grc' dir='ltr'><em>ἔγκυκλον</em></span> <span class='ocrx_word' id='word_1_288' title='bbox 900 2804 946 2838; x_wconf 93' lang='grc' dir='ltr'><em>Β</em></span> <span class='ocrx_word' id='word_1_289' title='bbox 1064 2801 1116 2838; x_wconf 84' lang='grc'>29</span> <span class='ocrx_word' id='word_1_290' title='bbox 1158 2811 1248 2839; x_wconf 91' lang='grc'>11011</span> <span class='ocrx_word' id='word_1_291' title='bbox 1280 2799 1473 2852; x_wconf 84' lang='lat' dir='ltr'>possunt</span> <span class='ocrx_word' id='word_1_292' title='bbox 1503 2804 1540 2837; x_wconf 80' lang='lat' dir='ltr'><strong><em>A</em></strong></span> <span class='ocrx_word' id='word_1_293' title='bbox 1662 2799 1716 2838; x_wconf 85' lang='lat'>32</span> <span class='ocrx_word' id='word_1_294' title='bbox 1749 2795 1860 2837; x_wconf 82' lang='lat' dir='ltr'>data</span> 
     </span>
     <span class='ocr_line' id='line_1_39' title="bbox 191 2853 1094 2898; baseline 0.002 -3"><span class='ocrx_word' id='word_1_295' title='bbox 191 2861 248 2896; x_wconf 85' lang='lat' dir='ltr'>P:</span> <span class='ocrx_word' id='word_1_296' title='bbox 284 2854 423 2897; x_wconf 87' lang='lat' dir='ltr'>ducta</span> <span class='ocrx_word' id='word_1_297' title='bbox 455 2853 515 2895; x_wconf 73' lang='grc' dir='ltr'>Α2</span> <span class='ocrx_word' id='word_1_298' title='bbox 545 2857 595 2898; x_wconf 78' lang='lat' dir='ltr'>in</span> <span class='ocrx_word' id='word_1_299' title='bbox 626 2869 703 2898; x_wconf 77' lang='lat' dir='ltr'>ras</span> <span class='ocrx_word' id='word_1_300' title='bbox 733 2863 795 2897; x_wconf 78' lang='lat' dir='ltr'>bs</span> <span class='ocrx_word' id='word_1_301' title='bbox 826 2857 874 2897; x_wconf 93' lang='lat' dir='ltr'>in</span> <span class='ocrx_word' id='word_1_302' title='bbox 907 2855 1018 2898; x_wconf 86' lang='lat' dir='ltr'>data</span> <span class='ocrx_word' id='word_1_303' title='bbox 1050 2863 1094 2897; x_wconf 93' lang='grc' dir='ltr'><em>Β</em></span> 
     </span>
    </p>
   </div>
   <div class='ocr_carea' id='block_1_8' title="bbox 1868 0 2007 3120">
    <p class='ocr_par' dir='ltr' id='par_1_12' title="bbox 1868 0 2007 3120">
     <span class='ocr_line' id='line_1_40' title="bbox 1868 0 2007 3120; baseline 0 0"><span class='ocrx_word' id='word_1_304' title='bbox 1868 0 2007 3120; x_wconf 95' lang='lat' dir='ltr'> </span> 
     </span>
    </p>
   </div>
  </div>
 </body>
</html>
