2055 3130
252 57 361 109 230
746 58 1120 111 QVINTILIANI
1151 59 1301 104 INST.
1336 61 1427 104 OR.

193 198 223 241 9
256 195 436 256 demus,
476 212 792 258 supervacua.
831 201 887 244 ut
926 199 968 245 si
1006 199 1077 245 ita
1115 200 1409 260 partiamur:
1452 196 1631 246 ‘dicam
1656 216 1752 247 non
1775 201 1926 248 talem

251 284 354 316 esse
404 271 531 317 hunc
579 285 724 331 quem
777 274 919 318 tueor
971 287 1122 331 reum,
1176 275 1231 319 ut
1284 274 1336 319 in
1391 288 1446 320 eo
1502 273 1730 320 credibile
1769 273 1927 321 videri

251 343 408 403 possit
431 343 764 402 homicidium,
805 343 964 391 dicam
989 345 1240 392 occidendi
1264 360 1458 392 causam
1486 347 1600 392 huic
1635 362 1732 393 non
1756 347 1925 406 fuisse,

252 415 412 462 dicam
451 417 579 462 hunc
619 432 674 462 eo
714 419 946 478 tempore,
987 434 1082 479 quo
1121 419 1266 466 homo
1294 418 1478 466 occisus
1505 422 1591 478 est,
1630 422 1766 466 trans
1790 436 1924 467 mare

250 485 441 535 fuisse':
483 491 661 549 omnia,
701 505 825 550 quae
860 494 972 537 ante
995 491 1060 549 id,
1102 492 1231 552 quod
1256 492 1488 538 ultimum
1513 496 1600 552 est,
1633 494 1923 553 exsequeris,

163 563 226 608 10
249 563 418 608 inania
457 562 614 609 videri
652 578 846 611 necesse
887 566 972 611 est.
1013 564 1217 612 festinat
1257 567 1386 611 enim
1423 565 1567 612 iudex
1600 565 1661 612 ad
1686 565 1752 624 id,
1792 566 1924 627 quod

250 636 647 694 potentissimum
687 638 772 696 est,
813 639 861 683 et
899 638 1036 684 velut
1076 637 1350 701 obligatum
1374 639 1612 699 promisso
1644 642 1925 699 patronum,

250 707 291 753 si
331 710 404 755 est
441 709 724 769 patientior,
762 711 942 757 tacitus
976 711 1216 771 appellat:
1257 712 1297 759 si
1336 711 1414 758 vel
1454 715 1717 772 occupatus
1758 713 1836 760 vel
1872 712 1924 758 in

257 781 424 841 aliqua
462 784 707 843 potestate
746 783 824 830 vel
877 785 1025 830 etiam
1065 785 1132 832 sic
1183 785 1400 832 moribus
1452 787 1763 846 compositus,
1814 801 1924 832 cum

163 860 222 904 11
254 855 472 902 convicio
527 855 783 919 efflagitat.
851 858 1018 917 itaque
1074 873 1169 904 non
1225 859 1485 905 defuerunt
1539 858 1623 920 qui
1679 858 1923 906 Ciceronis

248 928 389 974 illam
436 945 524 988 pro
567 927 791 977 Cluentio
839 932 1159 990 partitionem
1199 931 1537 992 inprobarent,
1587 948 1681 992 qua
1729 947 1778 978 se
1825 932 1923 978 dic-

248 1003 416 1047 turum
478 1017 580 1049 esse
634 1004 884 1064 promisit,
941 1001 1173 1064 ‘primum
1220 1004 1464 1051 neminem
1509 1005 1777 1052 maioribus
1832 1006 1923 1052 cri-

248 1074 477 1132 minibus,
524 1076 831 1137 gravioribus
871 1078 1078 1125 testibus
1125 1079 1175 1124 in
1215 1079 1451 1125 iudicium
1497 1082 1730 1126 vocatum
1775 1095 1922 1140 quam

251 1145 606 1209 Oppianicum:
662 1149 834 1197 deinde
885 1151 1187 1211 praeiudicia
1239 1167 1339 1199 esse
1395 1152 1527 1198 sacta
1579 1152 1637 1199 ab
1689 1153 1749 1199 iis
1803 1152 1922 1213 ipsis

248 1221 506 1281 iudicibus,
556 1239 582 1268 a
632 1223 808 1284 quibus
856 1224 1204 1271 condemnatus
1252 1227 1338 1271 sit:
1392 1228 1638 1286 postremo
1685 1225 1919 1272 iudicium

248 1295 455 1355 pecunia
504 1299 802 1356 temptatum
852 1314 950 1344 non
999 1314 1027 1344 a
1080 1297 1327 1359 Cluentio,
1390 1299 1472 1345 sed
1524 1302 1692 1346 contra
1749 1297 1921 1346 Cluen-

249 1364 416 1414 tium’:
459 1369 598 1429 quia,
646 1372 688 1417 si
733 1370 932 1431 probari
978 1375 1168 1431 posset,
1224 1372 1352 1432 quod
1401 1375 1473 1418 est
1519 1374 1743 1432 tertium,
1797 1372 1922 1418 nihil

161 1445 222 1489 12
249 1457 440 1489 necesse
492 1443 640 1489 fuerit
691 1443 848 1491 dicere
898 1446 1077 1504 priora.
1129 1460 1295 1492 rursus
1347 1461 1488 1492 nemo
1538 1449 1641 1492 tam
1692 1447 1786 1492 erit
1836 1448 1924 1492 aut

248 1516 464 1563 iniustus
507 1519 589 1563 aut
637 1518 832 1575 stultus,
880 1518 997 1578 quin
1045 1535 1157 1565 eum
1196 1519 1412 1565 fateatur
1459 1521 1641 1580 optime
1688 1535 1776 1580 pro
1816 1519 1921 1565 Mu-

247 1604 365 1635 rena
415 1605 517 1636 esse
557 1591 820 1651 partitum:
873 1587 1141 1654 ‘intellego,
1191 1592 1395 1652 iudices,
1443 1594 1534 1639 tris
1581 1594 1733 1640 totius
1781 1607 1955 1640 acon--

248 1663 453 1709 sationis
507 1665 663 1723 partis
715 1666 880 1723 fuisse,
931 1667 979 1711 et
1031 1681 1195 1712 earum
1251 1683 1399 1712 unam
1449 1668 1500 1712 in
1546 1667 1921 1727 reprehensione

247 1736 403 1794 vitae,
473 1737 680 1783 alteram
748 1740 800 1784 in
877 1741 1187 1786 contentione
1251 1739 1528 1802 dignitatis,
1598 1741 1798 1786 tertiam
1871 1739 1921 1785 in

248 1809 531 1857 criminibus
583 1811 794 1859 ambitus
843 1827 943 1859 esse
998 1809 1276 1860 versatam’.
1329 1829 1442 1859 nam
1489 1815 1557 1860 sic
1606 1816 1654 1859 et
1708 1813 1922 1860 ostendit

247 1882 547 1931 lucidissime
587 1899 784 1931 causam
824 1888 872 1931 et
911 1885 1033 1931 nihil
1074 1887 1190 1933 fecit
1231 1887 1384 1934 altero
1425 1901 1793 1947 supervacuum.

160 1958 222 2002 13
358 1956 430 2003 De
470 1957 556 2004 illo
598 1974 789 2019 quoque
840 1974 1014 2020 genere
1071 1959 1364 2007 defensionis
1414 1961 1634 2020 plerique
1691 1959 1921 2007 dubitant

249 2024 309 2075 ‘si
349 2031 518 2090 occidi,
556 2035 685 2078 recte
726 2033 832 2091 feci,
873 2033 955 2080 sed
995 2049 1091 2080 non
1133 2030 1330 2080 occidi':
1372 2049 1465 2094 quo
1507 2034 1637 2080 enim
1675 2035 1919 2094 pertinere

247 2103 398 2163 prius,
446 2106 487 2150 si
533 2120 738 2165 sequens
786 2105 981 2152 firmum
1036 2104 1132 2153 sit‘?
1187 2107 1304 2154 haec
1359 2108 1569 2154 invicem
1624 2107 1815 2154 obstare
1872 2111 1921 2152 et

246 2179 453 2238 utroque
494 2179 743 2226 utentibus
783 2179 833 2225 in
880 2183 1052 2226 neutro
1093 2180 1262 2227 haberi
1316 2180 1472 2226 fidem.
1530 2181 1659 2242 quod
1706 2195 1821 2228 sane
1867 2183 1919 2226 in

246 2253 385 2310 parte
424 2267 594 2298 verum
633 2255 718 2314 est,
769 2256 822 2299 ut
867 2253 954 2300 illo
1011 2255 1251 2314 sequenti,
1309 2256 1351 2301 si
1403 2255 1546 2301 niodo
1593 2253 1919 2300 indubitabile

368 2441 993 2490 12c4‚9—·2005‚11

366 2619 387 2655 1
421 2612 489 2655 ita
522 2613 715 2670 Reyius:
746 2613 829 2656 illa
862 2622 954 2666 AB,
989 2629 1054 2657 om
1091 2623 1133 2656 P
1250 2620 1273 2657 2
1308 2629 1436 2658 reum
1460 2628 1526 2658 om
1554 2623 1642 2656 BP
1666 2616 1671 2670 Ι
1699 2614 1747 2656 in
1772 2629 1824 2658 eo
1851 2629 1920 2658 om

244 2678 290 2713 B
320 2685 371 2715 eo
404 2686 471 2715 om
506 2680 550 2714 P
668 2678 691 2714 5
727 2675 976 2726 antequam
1009 2673 1056 2715 id
1090 2681 1177 2715 BP
1303 2678 1327 2715 8
1361 2674 1435 2716 vel
1466 2674 1533 2731 in]
1567 2674 1639 2716 vel
1669 2674 1773 2715 APl

246 2734 270 2771 9
305 2731 389 2787 sic]
434 2730 472 2773 si
504 2730 606 2772 AP²
641 2733 646 2787 Ι
681 2731 1014 2787 incompositus
1055 2740 1138 2774 ΑΡ
1302 2737 1355 2775 14
1395 2733 1450 2775 iis
1491 2747 1557 2776 om
1600 2741 1635 2774 A
1678 2732 1766 2776 Cic.
1807 2733 1921 2776 codd

367 2793 418 2831 16
453 2802 480 2831 a
518 2790 644 2831 31³¹:
684 2804 766 2846 pro
800 2799 849 2844 A,
894 2791 1023 2834 Valla
1068 2792 1114 2833 in
1151 2799 1194 2832 P
1314 2795 1365 2833 18
1401 2794 1481 2834 aut
1522 2805 1586 2834 om
1622 2799 1659 2832 Α
1781 2796 1833 2834 29
1867 2794 1920 2833 ut

255 2848 412 2892 Valla:
444 2849 489 2890 et
