2055 3130
244 55 348 106 152
737 52 1110 104 QVINTILIANI
1138 52 1289 96 INST.
1324 51 1416 96 ΟΒ.

153 191 216 236 62
243 192 590 252 einativum,
611 191 1258 254 ambiguitatis,legum
1286 193 1738 238 contrariarum.
1756 191 1908 239 Albu-

242 268 342 313 tius
381 265 550 312 eadem
582 265 821 312 divisione
853 280 967 312 usus
1000 265 1215 312 detrahit
1245 265 1634 325 translationem,
1667 265 1909 312 subiciens

241 354 349 385 eam
386 338 648 385 iuridicali.
695 339 748 384 in
786 337 1026 400 legalibus
1067 353 1259 398 quoque
1299 338 1666 398 quaestionibus
1719 338 1910 384 nullum

240 413 387 473 putat
426 427 543 471 esse,
583 412 668 472 qui
706 410 899 457 dicatur
935 411 1324 458 ratiocinativus.
1366 412 1464 457 5010
1503 411 1647 472 plura
1683 412 1908 458 inventu-

241 500 320 531 ros
361 485 532 543 adhuc‚
573 485 659 544 qui
696 485 857 545 legere
898 485 1128 544 antiquos
1182 484 1447 531 studiosius
1486 484 1671 542 volent,
1698 484 1807 531 ⁴sed
1849 500 1909 531 ne
1957 501 1977 532 5

243 558 363 605 haec
403 573 594 618 quoque
634 559 926 604 excesserint
963 557 1162 604 modum
1201 572 1382 604 vereor.

155 629 217 673 63
352 630 463 691 Ipse
501 646 577 677 me
616 631 823 691 paulum
861 631 913 676 111
946 630 1060 690 alia,
1100 646 1247 691 quam
1278 632 1414 691 prius
1446 630 1713 690 habuerim,
1754 631 1911 691 opini-

245 719 335 751 one
374 719 503 751 nunc
543 719 645 751 esse
677 703 921 750 confiteor.
963 706 1011 750 et
1041 704 1247 751 fortasse
1280 703 1582 751 tutissimum
1615 706 1721 750 erat
1751 704 1912 751 famae

244 776 386 824 modo
428 777 647 824 studenti
684 777 809 823 nihil
849 793 904 823 ex
945 793 999 823 eo
1031 779 1238 835 mutare,
1279 777 1404 837 quod
1438 776 1607 823 multis
1643 779 1782 823 annis
1814 793 1912 823 non

156 847 220 892 64
245 852 500 898 sensissem
524 851 667 896 modo
698 866 870 897 verum
894 851 1045 896 etiam
1069 850 1428 911 adprobassem.
1470 850 1551 897 sed
1577 865 1674 896 non
1699 851 1912 898 sustineo
1940 868 1982 899 10

245 938 348 970 0550
389 925 607 971 0011501115
662 924 785 969 1111111
830 923 1142 983 dissimulati,
1197 925 1248 969 in
1305 939 1359 970 eo
1413 924 1703 983 praesertim
1757 938 1913 984 opere,

245 997 374 1057 quod
414 997 474 1044 ad
513 997 754 1044 bonorum
799 998 1033 1043 iuvenum
1081 997 1299 1057 aliquam
1346 997 1616 1043 utilitatem
1667 997 1914 1058 componi-

243 1086 366 1129 mus,
405 1072 458 1116 in
497 1071 600 1116 ulla
637 1072 778 1130 parte
815 1070 987 1116 iudicii
1024 1071 1133 1117 mei.
1173 1087 1286 1116 nam
1320 1073 1368 1117 et
1399 1070 1724 1131 Hippocrates
1757 1070 1915 1117 clarus

246 1146 351 1191 arte
391 1144 662 1190 medicinae
701 1144 897 1190 videtur
927 1144 1265 1191 honestissime
1297 1144 1482 1202 fecisse,
1517 1144 1647 1204 quod
1681 1143 1914 1203 quosdam

246 1232 429 1264 errores
454 1233 581 1276 suos,
606 1233 666 1264 ne
698 1219 883 1278 posteri
908 1219 1138 1278 errarent,
1173 1217 1418 1265 confessus
1452 1219 1536 1276 est,
1563 1220 1611 1263 et
1634 1217 1697 1263 M.
1724 1216 1915 1264 Tullius
1942 1234 1983 1266 15
2054 1208 2055 1257 Ῑ

244 1306 343 1338 11011
367 1290 615 1337 dubitavit
646 1291 837 1351 aliquos
869 1292 969 1336 iam
1002 1290 1158 1336 editos
1190 1290 1341 1337 libros
1376 1290 1485 1336 aliis
1517 1292 1690 1351 postea
1721 1291 1916 1350 scriptis

243 1365 349 1424 ipse
389 1364 635 1423 damnare,
676 1365 800 1411 sicut
840 1354 1070 1411 Catulum
1103 1367 1249 1424 atque
1281 1363 1540 1410 Lucullum
1573 1365 1621 1410 et
1651 1363 1740 1410 hos
1771 1363 1918 1424 ipsos,

158 1442 220 1486 65
247 1437 305 1484 (10
363 1437 539 1497 quibus
593 1437 738 1484 modo
790 1453 897 1484 sum
947 1437 1153 1496 locutus,
1216 1439 1336 1484 artis
1389 1437 1674 1484 rhetoricae.
1737 1438 1915 1484 etenim

246 1526 573 1571 supervacuus
613 1510 741 1557 foret
778 1510 829 1556 in
869 1510 1044 1557 studiis
1083 1511 1278 1573 longior
1315 1510 1468 1570 labor,
1507 1512 1550 1557 si
1587 1510 1712 1556 nihil
1748 1510 1920 1557 liceret

245 1584 418 1631 melius
457 1584 677 1631 invenire
715 1586 1010 1645 praeteritis.
1051 1599 1207 1644 neque
1247 1587 1411 1631 tamen
1446 1583 1714 1645 quidquam
1747 1600 1803 1631 ex
1841 1585 1916 1643 iiS,
1943 1601 1986 1632 20

248 1673 373 1718 quae
410 1661 516 1704 tum
568 1659 808 1718 praecepi,
860 1673 1216 1718 supervacuum
1266 1659 1382 1718 fuit3
1439 1658 1499 1703 ad
1546 1657 1742 1704 easdem
1788 1658 1919 1703 enim

246 1731 515 1792 particulas
546 1731 664 1778 haec
698 1747 890 1792 quoque
925 1747 1047 1791 quae
1094 1746 1222 1777 nunc
1261 1732 1561 1792 praecipiam
1600 1732 1918 1778 revertentur.

246 1805 318 1851 ita
358 1806 600 1851 neminem
641 1805 867 1852 didicisse
907 1806 1180 1865 paeniteat:
1235 1805 1463 1867 colligere
1509 1806 1704 1850 tantum
1751 1804 1919 1851 eadem

250 1894 304 1925 ac
344 1878 598 1939 disponere
653 1879 800 1939 paulo
851 1878 1207 1940 significantius
1263 1893 1421 1925 eonor.
1478 1878 1699 1924 omnibus
1754 1880 1919 1924 autem

248 1954 366 1998 satis
407 1951 591 1998 factum
624 1952 749 2010 volo,
790 1967 885 1998 non
934 1967 1009 1998 me
1061 1951 1151 1998 hoc
1205 1953 1357 1998 serius
1413 1951 1743 1998 demonstrare
1795 1950 1918 2010 aliis,
1945 1967 1986 2000 25

160 2029 222 2072 66
249 2041 396 2085 quam
434 2025 557 2071 mihi
595 2027 698 2085 ipse
738 2027 1076 2085 persuaserim.
1118 2025 1382 2071 secundum
1420 2025 1657 2086 plurimos
1697 2026 1919 2071 auctores

249 2098 502 2145 servabam
556 2099 646 2145 tris
689 2099 953 2145 rationales
1002 2100 1181 2145 status:
1238 2099 1664 2156 coniecturam,
1719 2097 1919 2158 quali-

248 2175 453 2230 tatem,
517 2172 879 2231 finitionem,
941 2189 1092 2218 unum
1153 2172 1419 2235 legalem.
1481 2171 1534 2217 hi
1586 2171 1708 2217 mihi
1761 2173 1920 2218 status

250 2245 499 2308 generales
561 2249 712 2292 erant.
775 2246 980 2307 legalem
1044 2247 1096 2291 in
1143 2246 1356 2306 quinque
1420 2245 1603 2306 species
1650 2244 1918 2305 partiebar:

251 2319 462 2380 scripti
505 2321 560 2365 et
591 2319 945 2379 voluntatis,
986 2319 1181 2381 legum
1214 2319 1669 2378 contrariarum,
1704 2318 1919 2364 collec-
1946 2335 1989 2366 30

162 2396 220 2439 67
253 2394 462 2451 tivum,
519 2392 959 2454 ambiguitatis,
1013 2392 1455 2439 translationis.
1506 2407 1634 2438 nunc
1689 2393 1920 2452 quartum

252 2482 308 2511 ex
333 2465 640 2528 generalibus
674 2466 907 2527 intellego
939 2480 1079 2526 posse
1104 2467 1364 2525 removeri,
1398 2465 1578 2511 sufficit
1603 2466 1729 2511 enim
1763 2466 1923 2526 prima

252 2539 451 2598 divisio,
499 2555 596 2599 qua
644 2539 852 2585 diximus
894 2539 1015 2585 alios
1066 2539 1347 2598 rationales,
1403 2539 1525 2585 alios
1564 2538 1747 2601 legales
1797 2553 1921 2585 esse:

372 2654 424 2692 13
457 2649 665 2704 Epidem.
701 2656 739 2701 5,
769 2655 822 2691 14

372 2756 395 2793 3
421 2728 674 2794 iuridi—ciali
701 2753 806 2796 libri
909 2757 960 2794 11
989 2751 1303 2794 dissimulanti
1329 2759 1371 2793 P
1468 2756 1521 2794 16
1547 2751 1728 2805 aliquos
1752 2764 1857 2793 51105
1883 2758 1928 2792 P

253 2812 375 2877 (su-os
415 2812 508 2854 add
555 2811 704 2866 Valla)
827 2815 881 2852 29
923 2810 1126 2866 quinque
1169 2810 1333 2852 ABP‘2:
1382 2811 1467 2853 has
1507 2819 1534 2851 ὀ
1566 2810 1741 2863 hasque
1773 2818 1813 2851 T
1839 2810 1922 2852 has

253 2883 456 2924 quinque
489 2877 528 2911 L
