2055 3130
277 85 383 137 144
767 83 1140 135 QVINTILIANI
1169 82 1319 126 INST.
1354 82 1446 126 ΟΒ.

273 223 442 271 eadem
483 223 704 284 quaestio
742 225 905 283 potest
945 221 1149 268 eundem
1187 222 1267 268 vel
1306 224 1639 268 accusatorem
1670 222 1830 268 facere
1862 221 1942 268 vel

273 295 445 344 reum?
484 293 589 356 ‘qui
628 298 781 342 artem
832 295 1073 341 ludicram
1121 293 1402 352 exercuerit,
1448 295 1499 339 in
1547 294 1940 354 quattuordecim

271 370 444 431 primis
500 369 751 416 ordinibus
806 383 866 415 ne
920 368 1113 415 sedeat:
1169 369 1255 428 qui
1313 382 1362 413 se
1415 369 1630 427 praetori
1681 368 1734 413 in
1783 367 1938 414 hortis

273 442 553 491 ostenderat
590 458 746 503 neque
787 444 891 488 erat
940 439 1221 502 productus,
1276 440 1403 487 sedit
1451 440 1503 485 in
1551 439 1942 500 quattuordecim

186 517 247 560 19
274 512 560 562 ordinibus'.
599 530 772 575 nempe
795 515 1006 561 intentio
1039 517 1132 560 est:
1168 510 1343 560 ‘artem
1375 513 1614 560 ludicram
1647 510 1941 571 exercuisti'‚
1989 531 2006 561 5

272 589 518 650 depulsio:
560 585 675 635 ‘non
708 588 898 634 exercui
930 590 1086 634 artem
1115 581 1390 645 ludicram',
1424 586 1666 646 quaestio:
1708 582 1845 646 ‘quid
1877 586 1943 633 sit

273 665 429 709 artem
461 661 701 709 ludicram
734 657 989 708 exercere'.
1023 661 1063 706 si
1096 659 1406 707 accusabitur
1436 660 1671 705 theatrali
1702 660 1823 722 lege,
1863 659 1942 705 de-

272 736 434 797 pulsio
475 735 568 782 erit
605 735 699 794 rei3
750 736 793 781 si
832 734 1068 780 excitatus
1108 733 1258 780 fuerit
1297 732 1355 779 de
1395 732 1686 792 spectaculis
1733 736 1784 779 et
1829 736 1943 794 aget

185 808 248 852 20
271 808 579 868 iniuriarum,
630 808 850 869 depulsio
906 807 999 854 erit
1020 827 1024 829 ·
1049 806 1360 854 accusatoris.
1420 806 1724 866 frequentius
1776 808 1941 852 tamen

271 882 396 929 illud
429 882 629 941 accidet,
670 880 800 941 quod
831 884 906 928 est
937 896 965 926 a
996 880 1225 942 plurimis
1257 879 1509 926 traditum.
1551 879 1825 942 effugerunt
1855 879 1941 926 has
1968 895 2007 926 10

273 957 582 1016 quaestiones
625 955 708 1015 qui
748 954 988 1012 dixerunt,
1039 956 1221 1000 statum
1269 968 1371 999 esse
1409 952 1474 1011 id7
1526 951 1655 1012 quod
1707 954 1943 1012 appareat

273 1044 329 1075 ex
368 1030 640 1075 intentione
682 1031 730 1074 et
783 1028 1081 1088 depulsione,
1137 1030 1193 1072 ut
1249 1022 1463 1085 ‘fecisti'‚
1519 1020 1635 1071 ‘non
1689 1020 1800 1071 feci’
1858 1029 1943 1071 aut

181 1101 245 1143 21
277 1099 423 1149 ‘recte
463 1098 591 1149 feci'.
632 1101 897 1148 viderimus
937 1104 1116 1158 tamen,
1172 1102 1338 1146 utrum
1376 1099 1428 1145 id
1469 1099 1533 1145 sit
1571 1101 1727 1146 status
1779 1113 1840 1145 an
1890 1099 1941 1145 in

271 1191 326 1223 eo
367 1178 537 1223 status.
577 1175 907 1237 Hermagoras
956 1176 1140 1220 statum
1185 1175 1351 1230 vocat,
1398 1188 1485 1233 per
1531 1188 1677 1233 quem
1723 1171 1941 1218 subiecta

269 1264 346 1296 res
386 1249 703 1312 intellegatur
742 1251 792 1295 et
838 1248 899 1294 ad
949 1262 1094 1307 quem
1147 1246 1460 1306 probationes
1516 1246 1667 1291 etiam
1720 1246 1942 1305 partium
1967 1261 2006 1292 15

270 1323 556 1369 referantur.
597 1325 766 1369 nostra
806 1321 971 1381 opinio
1013 1335 1201 1380 semper
1224 1319 1342 1366 haec
1373 1319 1483 1377 fuit,
1523 1334 1632 1365 cum
1658 1321 1817 1365 essent
1847 1319 1940 1365 fre-

272 1399 475 1456 quenter
512 1396 563 1442 in
603 1411 750 1442 causa
789 1394 971 1441 diversi
1003 1395 1345 1454 quaestionum
1376 1394 1548 1450 status,
1578 1393 1630 1437 in
1662 1407 1716 1438 eo
1749 1391 1940 1438 credere

271 1472 456 1516 statum
497 1484 684 1526 causae,
725 1468 854 1528 quod
895 1469 1019 1514 esset
1058 1469 1111 1513 in
1152 1482 1206 1513 ea
1245 1465 1639 1526 potentissimum
1681 1468 1731 1512 et
1760 1467 1812 1511 in
1844 1481 1939 1526 quo

270 1543 478 1589 maxime
517 1558 593 1589 res
634 1546 917 1590 verteretur.
957 1540 1008 1587 id
1049 1542 1089 1586 si
1116 1541 1225 1600 quis
1265 1538 1599 1602 generalem
1639 1540 1940 1598 quaestio·

270 1633 397 1662 nem
442 1616 521 1662 vel
570 1619 745 1676 caput
785 1614 1063 1677 generale
1112 1613 1269 1660 dicere
1309 1613 1482 1670 malet,
1529 1627 1638 1658 cum
1684 1611 1773 1659 hoc
1820 1611 1940 1658 mihi
1965 1627 2006 1658 20

270 1705 366 1736 non
407 1691 500 1736 erit
538 1705 726 1750 pugna,
777 1703 874 1734 non
925 1687 1081 1749 magis
1135 1702 1283 1746 quam
1335 1687 1376 1732 si
1427 1684 1560 1731 aliud
1615 1684 1786 1744 adhuc,
1841 1701 1939 1746 quo

272 1763 401 1809 idem
441 1763 772 1824 intellegatur,
828 1763 932 1808 eius
985 1761 1055 1807 rei
1106 1775 1282 1806 nomen
1328 1759 1593 1817 invenerit,
1641 1773 1940 1819 quamquam

269 1840 376 1884 tota
414 1837 665 1883 volumina
703 1837 755 1882 in
805 1835 930 1881 hanc
979 1834 1364 1894 disputationem
1415 1831 1709 1892 impendisse
1759 1831 1938 1879 multos

179 1907 243 1950 ‘22
271 1912 441 1957 sciam:
480 1910 620 1956 nobis
661 1912 842 1956 statum
884 1909 980 1954 dici
1017 1908 1192 1968 placet.
1231 1907 1315 1954 sed
1347 1922 1457 1954 cum
1487 1907 1539 1951 in
1572 1906 1683 1952 aliis
1715 1905 1938 1952 omnibus

271 1985 400 2030 inter
440 1985 699 2044 scriptores
740 1997 928 2028 summa
969 1981 1208 2027 dissensio
1250 1983 1336 2038 est,
1382 1984 1487 2025 tum
1527 1980 1579 2024 in
1626 1978 1717 2025 hoc
1755 1980 1939 2040 praeci·
1963 1995 2003 2026 25

271 2072 365 2117 pue
404 2057 600 2104 videtur
639 2055 759 2102 mihi
800 2055 1019 2101 studium
1060 2069 1252 2115 quoque
1292 2053 1485 2099 diversa
1508 2051 1736 2098 tradendi
1767 2053 1938 2100 fuisse:

272 2130 391 2177 adeo
445 2146 533 2177 nec
588 2130 674 2190 qui
728 2129 791 2176 sit
844 2143 1076 2174 numerus
1131 2142 1218 2173 nec
1277 2142 1404 2187 quae
1457 2127 1656 2171 nomina
1710 2141 1796 2172 nec
1853 2125 1939 2186 qui

271 2204 520 2267 generales
560 2205 705 2263 quive
746 2202 978 2263 speciales
1019 2203 1118 2248 sint
1157 2203 1313 2247 status
1353 2201 1593 2246 convenit.

184 2273 247 2317 23
382 2277 456 2324 Ac
486 2278 699 2338 primum
732 2276 1020 2323 Aristoteles
1054 2275 1293 2320 elementa
1326 2273 1490 2319 decem
1515 2273 1785 2330 constituit,
1811 2273 1937 2318 circa

273 2366 397 2411 quae
436 2351 622 2397 versari
653 2349 880 2396 videatur
919 2350 1075 2395 omm's
1110 2347 1352 2408 quaestio:
1385 2345 1571 2405 οὐσίαν,
1612 2360 1758 2405 quam
1790 2345 1937 2391 Plau·
1961 2362 2004 2394 30

269 2430 350 2471 tus
392 2423 716 2471 essentiam
755 2426 899 2468 vocat
940 2417 1118 2483 (neque
1159 2436 1273 2468 sane
1314 2419 1451 2466 aliud
1490 2423 1562 2465 est
1612 2420 1715 2465 eius
1761 2434 1936 2465 nomen

269 2492 543 2561 Latinum),
591 2495 675 2543 sed
714 2512 770 2543 ea
810 2495 1062 2556 quaeritur
1110 2490 1192 2541 ‘an
1232 2488 1330 2540 sit’:
1378 2493 1753 2553 qualitatem,
1801 2492 1936 2539 cuius

271 2575 471 2631 apertus
510 2570 790 2616 intellectus
832 2572 924 2616 est:
967 2569 1396 2628 quantitatem,
1444 2581 1567 2627 quae
1607 2565 1870 2626 dupliciter
1909 2581 1937 2612 a

389 2699 440 2736 ‘29
474 2695 614 2736 Arist.
649 2693 805 2750 Categ.
839 2698 879 2746 2,
915 2697 937 2735 7

391 2816 443 2852 12
477 2813 524 2853 et
555 2811 826 2867 depulsione
859 2825 928 2854 om
959 2818 1048 2853 BP
1165 2814 1219 2852 16
1251 2809 1354 2862 fuit,
1387 2812 1439 2852 ut
1471 2834 1526 2840 —-
1559 2808 1791 2852 crederem
1823 2816 1868 2850 P

269 2874 324 2912 27
359 2869 439 2925 qui
471 2870 551 2927 sit]
585 2870 688 2924 quis
719 2878 755 2911 A
877 2873 931 2912 28
965 2869 1118 2926 quive]
1151 2868 1224 2911 vel
1255 2867 1335 2922 qui
1365 2875 1402 2909 A
