2055 3130
206 511 239 554 ιη’.)

202 951 237 994 3

203 1169 238 1214 4

202 1538 236 1581 ᾧ(

202 1832 237 1875 6

268 72 377 124 250
768 71 1142 124 QVINTILIANI
1171 70 1320 114 INST.
1354 70 1446 114 ΟΒ.

268 212 641 272 enthymema
698 205 853 276 (quod
903 225 991 257 nos
1043 213 1429 257 commentum
1481 225 1596 258 sane
1653 213 1740 258 aut
1789 226 1939 258 com—

267 285 693 331 mentationem
731 284 1132 345 interpretemur,
1181 285 1296 344 quia
1344 284 1488 330 aliter
1533 299 1631 331 non
1667 299 1939 345 possumus,

271 356 455 405 Graeco
494 357 667 405 melius
705 352 866 421 usuri)
906 374 1056 403 unum
1095 357 1400 403 intellectum
1437 357 1600 417 habet,
1641 372 1735 417 quo
1775 359 1940 405 omnia

269 434 432 477 mente
473 433 708 491 concepta
748 429 993 491 significat
1033 424 1142 494 (sed
1179 445 1307 477 nunc
1351 446 1445 477 non
1484 430 1541 477 de
1574 446 1629 477 eo
1654 424 1940 495 loquimur),

274 504 495 563 alterum,
536 520 631 564 quo
672 505 965 551 sententiam
1004 519 1111 550 cum
1144 504 1349 561 ratione,
1388 503 1604 562 tertium,
1637 519 1732 564 quo
1758 507 1941 551 certam

269 576 516 637 quandam
568 578 848 639 argumenti
896 576 1256 624 conclusionem
1302 576 1381 622 vel
1429 592 1485 622 ex
1533 577 1940 637 consequentibus

267 651 347 697 vel
386 666 442 696 ex
480 650 891 712 repugnantibus:
932 665 1231 710 quamquam
1271 649 1328 696 de
1367 650 1458 698 hoc
1488 666 1666 710 parum
1697 652 1939 698 convenit.

269 726 387 770 sunt
426 725 555 770 enim
603 724 687 784 qui
733 724 857 770 illud
903 724 1040 783 prius
1095 724 1391 784 epichirema
1445 723 1626 782 dicant,
1680 723 1940 784 pluresque

268 797 491 844 invenias
532 799 583 843 in
625 812 681 843 ea
720 797 964 858 opinione,
1003 799 1059 842 ut
1096 797 1148 842 id
1187 796 1397 855 demum,
1449 797 1579 857 quod
1616 812 1783 858 pugna
1830 811 1939 843 con-

270 872 383 929 stat,
423 870 737 932 enthymema
777 870 934 930 accipi
984 870 1154 930 velint,
1209 874 1257 916 et
1310 870 1420 917 ideo
1475 869 1600 916 illud
1655 869 1940 918 Cornificius

272 946 637 990 contrarium
678 944 909 1004 appellat.
948 943 1077 989 hunc
1123 943 1211 989 alii
1249 944 1547 990 rhetoricum
1586 943 1941 1006 syllogismum,

267 1017 354 1063 alii
415 1017 739 1079 inperfectum
798 1017 1139 1079 syllogismum
1188 1020 1508 1075 vocaverunt,
1559 1019 1675 1078 quia
1732 1032 1820 1064 nec
1870 1016 1941 1062 div

267 1091 460 1138 stinctis
518 1107 606 1138 nec
664 1090 871 1137 totidem
921 1089 1142 1151 partibus
1194 1090 1581 1137 concluderetur:
1645 1090 1775 1151 quod
1825 1105 1940 1137 sane

270 1180 368 1211 non
407 1166 576 1224 utique
618 1164 677 1211 ab
718 1170 909 1211 oratore
951 1163 1267 1210 desideratur.
1332 1163 1694 1224 epichirema
1735 1163 1939 1226 Valgius

267 1237 713 1299 adgressionem
751 1241 909 1297 vocat,
956 1237 1117 1284 verius
1159 1240 1323 1283 autem
1368 1237 1530 1284 iudico
1578 1252 1676 1283 non
1721 1241 1940 1284 nostram

268 1310 759 1370 administrationem,
799 1310 884 1358 sed
921 1312 1082 1371 ipsam
1113 1327 1215 1357 rem
1247 1327 1393 1371 quam
1427 1310 1753 1372 adgredimur,
1792 1310 1843 1356 id
1867 1314 1940 1358 est

268 1388 627 1446 argumentum,
669 1400 765 1445 quo
807 1384 998 1444 aliquid
1037 1384 1294 1445 probaturi
1333 1399 1513 1443 sumus,
1553 1385 1703 1430 etiam
1742 1385 1783 1432 si
1821 1399 1941 1430 non·

268 1459 384 1504 dum
440 1458 600 1505 verbis
657 1458 990 1519 explanatum,
1043 1459 1142 1504 iam
1196 1460 1361 1504 tamen
1415 1460 1576 1504 mente
1639 1460 1940 1518 concept-um,

271 1531 566 1592 epichirema
605 1532 714 1578 dici.
757 1532 868 1578 aliis
908 1531 1104 1578 videtur
1142 1547 1239 1578 non
1279 1531 1523 1578 destinata
1573 1530 1650 1577 vel
1696 1531 1940 1590 incohata,

267 1605 349 1651 sed
396 1606 614 1665 perfecta
660 1605 886 1665 probatio
934 1605 1023 1651 hoc
1070 1620 1246 1651 nomen
1294 1606 1511 1665 accipere
1550 1604 1727 1651 ultima
1766 1606 1939 1665 specie,

265 1678 472 1740 ideoque
511 1681 711 1740 propria
752 1680 854 1725 eius
897 1678 1228 1739 appellatione
1277 1680 1324 1725 et
1363 1678 1573 1724 maxime
1619 1679 1672 1724 111
1717 1693 1808 1724 usu
1853 1694 1940 1738 po-

267 1754 363 1799 sita
425 1753 728 1815 significatur
790 1756 922 1799 certa
990 1751 1232 1812 quaedam
1287 1753 1558 1798 sententiae
1620 1753 1939 1812 comprensio,

271 1842 393 1886 quae
443 1842 498 1872 ex
543 1826 699 1873 tribus
749 1820 994 1889 [minime]
1045 1825 1267 1886 partibus
1320 1828 1525 1872 constat.
1582 1825 1785 1885 quidam
1839 1825 1939 1886 epi-

267 1900 480 1946 chirema
543 1901 838 1946 rationem
901 1899 1235 1960 appellarunt,
1300 1897 1467 1946 Cicero
1522 1899 1696 1946 melius
1749 1899 1938 1945 ratio-

266 1974 653 2031 cinationem,
695 1989 995 2034 quamquam
1035 1976 1083 2019 et
1121 1973 1205 2019 ille
1238 1988 1414 2019 nomen
1446 1973 1538 2019 hoc
1563 1972 1754 2019 duxisse
1778 1973 1937 2034 magis
1963 1988 1982 2018 2

267 2062 297 2093 a
337 2047 621 2109 syllogismo
661 2047 880 2094 videtur:
921 2062 1034 2092 nam
1075 2049 1123 2093 et
1162 2049 1346 2093 statum
1385 2046 1744 2109 syllogisticum
1789 2047 1938 2092 ratio-

263 2121 535 2166 cinativum
568 2120 786 2180 appellat
816 2117 935 2182 <et>
967 2120 1198 2181 exemplis
1238 2122 1396 2166 utitur
1433 2119 1849 2180 philosophorum.
1891 2121 1939 2166 et

263 2194 498 2254 quoniam
550 2198 621 2240 est
671 2193 909 2254 quaedam
963 2196 1093 2240 inter
1147 2193 1489 2256 syllogismum
1541 2195 1590 2239 et
1643 2192 1938 2254 epichirema

386 2353 438 2390 10
471 2348 536 2403 {cf
562 2348 698 2391 Rhet.
733 2349 792 2391 ad
824 2348 928 2391 Her.
963 2355 1003 2401 4,
1039 2353 1106 2401 18,
1141 2352 1211 2404 25)
1248 2374 1299 2380 -—
1336 2353 1390 2390 24
1423 2348 1489 2390 De
1514 2348 1602 2390 inV.
1634 2355 1670 2399 1,
1705 2351 1773 2400 31,
1807 2351 1863 2389 34

383 2515 408 2552 ὃ
442 2511 566 2564 quod
597 2510 774 2563 ΑῙΒΡΙ
803 2510 925 2565 quod
959 2518 1046 2551 BP
1193 2515 1218 2553 8
1251 2510 1377 2565 prius
1411 2517 1514 2552 BP:
1549 2508 1736 2564 quidem
1767 2517 1802 2550 A

264 2573 290 2610 9
324 2569 447 2623 quod
479 2578 535 2612 A:
570 2583 660 2624 quo
692 2577 780 2611 BP
899 2574 950 2610 12
983 2582 1068 2612 nec
1101 2577 1158 2611 P:
1194 2583 1261 2611 om
1294 2577 1378 2611 AB
1527 2574 1579 2611 15
1611 2568 1760 2610 verius
1794 2580 1832 2609 a.
1866 2567 1934 2610 iu-

265 2627 369 2670 dico
402 2629 527 2671 BP¹2
563 2627 719 2671 Celsus
753 2642 791 2670 a.
826 2628 1004 2670 iudicat
1034 2636 1109 2678 ab,
1153 2629 1285 2670 Valla
1317 2629 1365 2670 in
1404 2635 1456 2680 P,
1490 2628 1613 2670 lectio
1645 2635 1682 2668 A
1713 2640 1842 2670 erasa
1874 2632 1936 2669 est

387 2691 439 2729 16
471 2702 567 2729 rem
598 2701 668 2730 om
699 2686 805 2729 BP¹
933 2691 988 2729 20
1021 2686 1254 2744 probatio]
1288 2686 1436 2729 oratio
1468 2694 1556 2728 BP
1687 2690 1739 2727 21
1775 2684 1935 2740 appel·

263 2745 440 2788 latione
466 2747 629 2789 Halm:
644 2745 897 2801 appellatio
926 2748 930 2799 l
959 2745 1006 2788 in
1020 2759 1106 2788 usu
1124 2748 1193 2788 est
1205 2746 1359 2800 posita
1373 2758 1464 2799 qua
1479 2745 1660 2800 sign..1,
1684 2745 1816 2787 Valla
1830 2745 1938 2786 inP

384 2808 436 2846 23
470 2805 657 2846 minime
690 2813 725 2845 A
765 2819 831 2848 om
866 2812 954 2846 BP
988 2804 1229 2846 minimum
1273 2805 1458 2848 Obrecht
1599 2808 1654 2845 24
1685 2802 1934 2845 ratiocina-

262 2863 439 2905 tionem
471 2864 675 2907 Badius:
711 2863 1086 2906 ratiocinativum
1118 2870 1245 2905 ABP
1392 2867 1444 2905 27
1479 2861 1793 2918 exemplisque
1831 2860 1935 2903 ,11⁰²

1987 519 2006 551 5

1965 887 2043 917 10⁴

1965 1253 2006 1284 15

1965 1620 2007 1651 ‘20

2041 673 2047 714 5
