2007 3120
55 881 97 913 10

54 1252 95 1284 15

53 1625 95 1656 20

53 1996 94 2028 25

52 2370 96 2401 30

808 55 841 99 Ι.
890 61 931 108 4,
964 60 1123 98 4—13.
1750 56 1820 107 23

125 214 150 244 e
182 198 329 258 plane
360 211 520 257 neque
552 196 571 241 i
604 195 824 242 auditur:
858 212 919 241 an
953 211 1122 243 rursus
1148 197 1275 243 aliae
1300 195 1591 255 redundent,
1624 199 1822 257 praeter
1883 196 1910 240 9

123 272 264 318 illam
295 265 536 332 (notam)
569 269 934 330 adspimtionis,
975 285 1100 330 quae
1142 272 1185 317 si
1222 269 1500 317 necessaria
1541 271 1629 329 est,
1670 269 1821 316 etiam

125 346 426 393 contrariam
458 343 552 391 sibi
582 345 755 404 poscit,
790 346 840 390 et
872 344 918 405 k,
953 360 1078 405 quae
1113 346 1162 390 et
1191 345 1301 404 ipsa
1329 343 1640 404 quorundam
1664 345 1820 390 nomi-

123 436 241 466 num
272 421 393 466 nota
418 421 508 478 est,
541 420 591 464 et
614 434 661 479 q,
694 419 830 465 cuius
857 418 1031 465 similis
1059 419 1234 465 effectu
1260 419 1533 478 specieque,
1566 418 1662 465 nisi
1690 418 1822 478 quod

122 494 327 554 paulum
347 508 375 539 a
390 492 572 540 nostris
592 492 894 552 obliquatur,
921 508 1079 553 coppa
1098 492 1231 554 apud
1249 490 1459 539 Graecos
1477 507 1607 538 nunc
1624 494 1822 539 tantum

121 568 174 613 in
220 582 424 614 numero
471 569 653 627 manet,
706 569 755 613 et
801 568 1085 613 nostrarum
1130 567 1325 626 ultima,
1375 582 1473 626 qua
1510 568 1616 612 tam
1657 580 1821 612 carere

120 642 393 702 potuimus,
434 656 584 702 quam
622 642 701 702 psi
739 656 839 687 non
880 643 1175 701 quaerimus.
1227 643 1374 702 atque
1417 640 1570 687 etiam
1608 642 1662 687 in
1700 642 1820 701 ipsis
1851 640 1911 682 10

121 716 376 763 vocalibus
395 716 712 778 grammatici
728 717 803 761 est
826 715 1008 776 videre,
1035 731 1098 761 an
1117 715 1310 775 aliquas
1328 730 1417 775 pro
1438 714 1821 762 consonantibus

121 805 236 836 usus
264 791 523 851 acceperit,
558 791 674 850 quia
703 785 840 835 ‘iam'
869 790 998 837 sicut
1025 785 1212 836 ‘etiam'
1243 789 1476 836 scribitur
1501 792 1550 836 et-
1576 784 1737 849 ‘quos'
1766 791 1824 835 ut

124 859 289 911 ε1ῑ1105’.
347 866 400 910 31
449 879 573 924 quae
619 866 677 910 ut
724 864 917 911 vocales
965 864 1256 927 iungunhn,
1305 866 1391 910 aut
1431 879 1579 909 unam
1620 863 1823 926 longam

120 939 324 999 faciunt,
356 940 414 985 ut
444 940 634 986 veteres
669 939 984 998 scripserunt,
1020 939 1106 998 qui
1131 938 1465 1000 gemina-tione
1492 953 1661 984 earum
1685 938 1822 984 velut

123 1012 261 1073 apice
302 1012 589 1071 utebantur,
638 1014 725 1058 aut
764 1012 1185 1075 <diphthongum3
1225 1013 1477 1075 iungimus
1515 1015 1683 1058 autem
1721 1028 1821 1058 non

120 1087 286 1148 plures
321 1083 506 1149 quam>
538 1086 680 1134 duas:
721 1088 818 1134 nisi
859 1088 968 1147 quis
1009 1090 1158 1148 putat
1199 1088 1349 1133 etiam
1391 1102 1447 1133 ex
1484 1086 1642 1133 tribus
1675 1101 1819 1133 voca-

121 1161 250 1208 libus
284 1161 528 1222 syllabam
553 1161 673 1220 fieri,
707 1162 749 1208 si
773 1177 873 1209 non
898 1161 1094 1222 aliquae
1120 1160 1281 1208 officio
1308 1161 1688 1208 consonantium
1712 1161 1820 1207 fun-

122 1238 318 1298 gantur.
347 1238 550 1296 quaeret
566 1236 658 1282 hoc
677 1235 841 1295 etiam,
860 1252 957 1297 quo
975 1235 1121 1283 modo
1142 1235 1330 1282 duabus
1350 1235 1547 1282 demum
1564 1235 1822 1282 vocalibus
1851 1234 1909 1276 11

120 1311 173 1356 111
206 1326 256 1357 50
287 1311 422 1371 ipsas
456 1310 663 1357 coeundi
695 1313 875 1357 natura
908 1311 987 1370 sit,
1021 1326 1132 1358 cum
1157 1312 1539 1357 consonantium
1562 1310 1702 1356 nulla
1727 1309 1825 1358 nisi

122 1385 332 1431 alteram
369 1385 583 1447 frangat.
626 1386 769 1446 atqui
799 1386 969 1432 littera
1001 1386 1020 1431 i
1053 1384 1148 1432 sibi
1177 1384 1352 1431 insidit
1385 1378 1651 1449 (fconiicit'
1693 1385 1824 1431 enim

123 1462 196 1506 est
230 1459 290 1505 ab
323 1459 411 1506 illo
439 1454 621 1523 ‘iacit')
657 1462 705 1506 et
735 1476 782 1518 11,
819 1475 914 1519 quo
940 1459 1085 1506 modo
1112 1476 1242 1506 nunc
1269 1459 1502 1506 scribitur
1529 1453 1744 1521 ‘vulgus'
1774 1461 1825 1505 et

122 1529 345 1581 eser'vus’.
418 1535 543 1580 sciat
591 1535 743 1580 etiam
784 1533 1009 1581 Ciceroni
1048 1533 1295 1595 placuisse
1338 1528 1456 1580 taiio
1498 1527 1821 1594 Maiiamque'

121 1610 376 1670 geminata
414 1608 432 1653 i
473 1607 705 1655 scribere:
758 1608 891 1669 quod
931 1610 973 1655 si
1013 1611 1100 1667 est,
1149 1609 1299 1655 etiam
1338 1608 1574 1670 iungetur
1613 1610 1670 1654 ut
1709 1623 1823 1655 con-

121 1697 316 1730 sonans.
359 1698 511 1742 quare
552 1682 711 1729 discat
749 1699 887 1743 puer,
931 1683 1049 1743 quid
1088 1683 1141 1729 in
1173 1683 1354 1730 litteris
1387 1683 1661 1744 proprium,
1704 1682 1823 1743 quid
1853 1678 1911 1722 12

121 1771 393 1817 commune,
446 1772 570 1817 quae
623 1773 735 1804 cum
787 1758 965 1818 quibus
1020 1757 1272 1819 cognatio:
1328 1772 1416 1804 nec
1465 1758 1688 1816 miretur,
1738 1772 1825 1804 cur

120 1847 179 1877 ex
234 1825 472 1878 ‘scamno'
537 1830 625 1878 fiat
680 1826 978 1879 ‘scabillum'
1038 1834 1127 1878 aut
1189 1848 1218 1878 a
1283 1826 1489 1893 ‘pinno',
1554 1830 1688 1892 quod
1750 1833 1824 1878 est

122 1911 348 1965 acutum,
412 1905 594 1953 securis
655 1908 906 1966 utrimque
969 1906 1154 1952 habens
1210 1908 1367 1953 aciem
1424 1901 1706 1967 ‘bipennis',
1762 1922 1821 1951 ne

120 1979 323 2026 illorum
361 1982 599 2041 sequatur
639 1996 866 2040 errorem,
917 1981 1015 2041 qui,
1058 1980 1176 2041 quia
1217 1997 1244 2027 a
1284 1982 1458 2042 pennis
1500 1980 1690 2028 duabus
1730 1980 1821 2027 hoc

121 2069 223 2101 esse
261 2070 441 2101 nomen
481 2056 780 2116 existimant,
821 2071 1008 2117 pennas
1052 2056 1219 2102 avium
1260 2055 1359 2101 dici
1398 2055 1589 2102 volunt.

231 2129 405 2190 Neque
459 2129 549 2176 has
603 2129 748 2177 modo
799 2131 994 2177 noverit
1043 2129 1361 2189 mutationes,
1420 2145 1541 2190 quas
1593 2129 1824 2177 adferunt
1851 2124 1911 2168 13

120 2202 386 2250 declinatio
436 2207 523 2250 aut
570 2205 889 2264 praepositio,
937 2206 993 2251 ut
1036 2200 1191 2252 ‘secat
1232 2204 1401 2263 secuit,
1454 2204 1587 2251 cadit
1628 2204 1822 2262 excidit,

121 2277 282 2324 caedit
322 2277 517 2338 excidit,
558 2279 717 2326 calcat
757 2273 999 2326 exculcat'
1042 2271 1117 2343 (et
1155 2278 1211 2325 fit
1251 2294 1281 2325 a
1322 2274 1574 2326 ‘lavando'
1613 2273 1819 2325 ‘lautus'

121 2355 169 2398 et
208 2352 322 2399 inde
360 2368 530 2400 rursus
572 2348 794 2400 ‘inlotus'
839 2356 888 2400 et
926 2353 1062 2400 mille
1106 2346 1243 2417 alia),
1293 2352 1378 2401 sed
1418 2356 1466 2400 et
1508 2368 1633 2414 quae
1673 2354 1821 2401 rectis

241 2476 294 2513 19
327 2470 415 2528 frg.
451 2473 507 2515 K
535 2477 588 2515 18
623 2474 692 2516 M.
729 2472 778 2515 cf
803 2472 903 2516 Vel.
938 2472 1082 2528 Long.
1118 2473 1234 2528 (VH)
1271 2478 1339 2525 54,
1377 2477 1429 2515 16

239 2588 264 2626 2
299 2583 633 2640 adspirationis
666 2586 828 2627 notam
863 2584 1038 2629 Gibson
1161 2589 1185 2626 3
1219 2587 1273 2627 ut
1304 2584 1336 2627 k
1371 2585 1711 2640 Capperomzier

118 2648 148 2684 4
192 2642 384 2687 effectus
427 2644 700 2699 speciesque
740 2651 826 2685 ΑΡ
975 2649 999 2686 5
1046 2658 1197 2700 coppa
1237 2645 1466 2688 Bokeria-3
1505 2650 1546 2687 et
1581 2645 1823 2688 Gallaeus:

119 2716 272 2758 cappa
397 2707 420 2745 7
452 2703 528 2759 psi
558 2704 845 2747 PPithoeus:
878 2703 917 2745 si
1051 2709 1075 2745 9
1108 2704 1204 2746 iam
1238 2703 1358 2746 sicut
1390 2707 1488 2746 tam
1522 2703 1744 2747 scribitur
1776 2707 1823 2747 et

119 2776 236 2817 quos
267 2764 322 2805 ut
354 2776 431 2806 cos
462 2770 608 2805 ABP:
649 2776 751 2807 corr
783 2764 961 2807 Rz'tschl
1124 2767 1178 2806 13
1222 2764 1338 2806 duas
1381 2765 1511 2807 libri:
1551 2761 1822 2820 δίφθογγον

119 2821 322 2875 Bitschl,·
369 2824 637 2866 sententiam
683 2824 866 2866 restitui
1026 2827 1080 2866 28
1130 2823 1259 2866 cadit
1306 2823 1478 2866 cecidit
1530 2823 1704 2867 Gz‘bson

121 2884 176 2923 29
209 2880 366 2924 lautus
391 2882 644 2939 Spaldiny:
672 2881 798 2925 lotus
938 2887 992 2924 30
1026 2882 1156 2925 mille
1188 2882 1306 2925 talia
1340 2891 1377 2923 Α
1421 2884 1426 2937 1
1470 2884 1518 2925 01
1549 2897 1620 2926 om
1653 2890 1737 2924 ΑΡ
