2007 3120
620 73 700 116 4Π.
737 78 806 126 15,
840 77 1027 116 29—38.
1064 77 1133 128 16,
1168 77 1294 116 1—3.
1711 70 1814 122 109

127 218 178 261 et
230 215 342 262 finis
400 215 491 262 hoc
540 213 686 260 modo
735 227 1051 273 conprensus,
1122 209 1435 274 ‘persuadere
1485 211 1619 272 quod
1674 227 1816 272 opor-

125 284 266 348 teat'‚
317 289 415 336 nisi
461 287 592 349 quod
640 288 796 333 artem
851 285 915 332 ad
969 288 1155 333 exitum
1210 287 1399 349 alligat.
1454 285 1577 332 bene
1631 284 1814 332 Areus:
1841 292 1904 335 36

130 359 309 411 ‘dicere
365 361 632 410 secundum
685 362 920 407 Virtutem
976 355 1251 408 orationis'.
1307 359 1572 407 excludunt
1627 374 1655 405 a
1707 358 1815 404 rhe-

125 437 280 484 torice
341 437 496 482 malos
566 437 616 481 et
676 435 775 494 illi,
846 436 931 495 qui
1002 430 1280 482 ‘scientiam
1343 433 1564 481 civilium
1626 432 1817 480 officio-

0 521 1 524 ’
82 529 102 560 5
128 507 256 557 rum’
301 526 408 557 eam
447 511 765 571 putaverunt,
806 509 847 556 si
888 509 1146 555 scientiam
1183 509 1420 555 virtutem
1452 508 1693 567 iudicant,
1733 506 1818 554 sed

128 586 336 648 anguste
367 584 597 644 intraque
631 583 799 630 civiles
832 584 1145 643 quaestiones
1180 585 1416 629 coercent.
1457 581 1694 628 Albutius
1718 597 1818 627 non

128 658 362 705 obscurus
402 658 650 718 professor
690 659 840 717 atque
888 660 1062 704 auctor
1111 653 1388 704 ‘scientiam
1438 655 1558 703 bene
1600 651 1813 702 dicendi'

130 747 233 780 esse
274 732 532 790 consentit,
589 731 674 778 sed
721 731 1089 792 exceptionibus
1136 734 1306 792 peccat
1362 729 1618 777 adiciendo
1668 724 1818 776 ‘circa

127 808 296 854 civiles
354 807 668 866 quaestiones
720 808 769 852 01
824 800 1142 852 credibiliter-⁹
1200 821 1410 866 quarum
1463 805 1662 865 utrique
1716 806 1818 849 iam

63 899 102 930 10
126 896 414 942 responsum
470 881 558 926 est.
611 879 884 940 probabilis
951 883 1000 926 et
1056 879 1135 925 illi
1195 879 1470 927 voluntatis
1528 879 1614 939 qui
1668 873 1817 924 ‘recte
1842 884 1902 929 37

128 954 310 1001 sentire
350 957 398 1001 et
439 948 619 1000 dicere'
658 954 924 1001 rhetorices
963 957 1280 1014 putaverunt.

239 1028 314 1080 Hi,
345 1031 460 1075 sunt
499 1028 599 1075 fere
639 1027 758 1074 fines
798 1028 1009 1074 maxime
1048 1028 1282 1075 inlustres
1309 1030 1357 1074 01
1383 1027 1439 1074 de
1467 1026 1646 1087 quibus
1679 1042 1817 1086 prae-

127 1103 268 1164 cipue
302 1102 598 1163 disputatur.
633 1118 749 1148 nam
781 1104 939 1148 omnis
974 1103 1172 1163 quidem
1197 1103 1426 1163 persequi
1450 1117 1611 1162 neque
1637 1100 1819 1146 attinet

124 1193 284 1238 neque
307 1192 524 1238 possum,
565 1193 676 1223 011111
706 1192 916 1237 pravum
950 1176 1216 1237 quoddam,
1249 1179 1306 1222 ut
1339 1175 1565 1235 arbitror,
1600 1174 1818 1221 studium

54 1270 101 1301 v15
128 1253 260 1299 circa
299 1252 564 1312 scriptores
606 1251 789 1297 artium
830 1250 1064 1310 extiterit,
1104 1251 1231 1297 nihil
1270 1250 1428 1297 isdem
1467 1249 1644 1309 verbis,
1693 1264 1817 1309 quae

125 1325 261 1386 prior
287 1325 466 1386 aliquis
493 1328 793 1386 occupasset,
824 1324 1043 1385 finiendi,
1076 1341 1202 1386 quae
1230 1324 1434 1371 ambitio
1461 1323 1634 1386 procul
1659 1323 1819 1369 aberit

127 1416 157 1447 a
195 1415 288 1446 me.
329 1400 492 1446 dicam
532 1400 662 1445 enim
700 1416 798 1446 non
838 1400 1011 1460 utique
1065 1414 1190 1460 quae
1243 1401 1494 1458 invene-ro,
1550 1398 1634 1445 sed
1690 1413 1818 1458 quae
1843 1403 1906 1447 38

126 1473 408 1536 placebunt,
457 1474 584 1521 sicut
630 1474 744 1520 hoc:
791 1475 1141 1521 rhetoricen
1198 1489 1322 1521 esse
1377 1473 1522 1520 bene
1580 1471 1818 1518 dicendi

127 1548 465 1608 scientiam,
506 1564 616 1595 cum
654 1550 849 1609 reperto
890 1548 1022 1609 quod
1061 1550 1135 1595 est
1175 1548 1432 1609 optimum,
1484 1548 1573 1608 qui
1621 1547 1817 1607 quaerit

52 1641 102 1672 Δ20
127 1622 276 1682 aliud,
315 1624 456 1683 peius
479 1623 614 1669 velit.
654 1622 730 1668 his
757 1622 1043 1684 adprobatis
1070 1623 1220 1670 simul
1250 1622 1568 1669 manifestum
1594 1624 1669 1668 est
1692 1620 1819 1666 illud

128 1713 339 1758 quoque,
380 1713 526 1757 quem
565 1696 711 1743 finem
750 1697 830 1744 vel
857 1696 975 1757 quid
1006 1713 1252 1744 summum
1286 1699 1334 1743 et
1364 1697 1597 1743 ultimum
1636 1694 1817 1741 habeat

126 1772 383 1830 rhetorice,
425 1770 559 1831 quod
597 1767 729 1827 τέλος
771 1771 967 1830 dicitur,
1018 1771 1082 1818 ad
1121 1770 1252 1833 quod
1300 1772 1458 1818 omnis
1507 1785 1586 1817 ars
1633 1769 1816 1817 tendit:

125 1861 243 1891 nam
282 1847 325 1892 si
364 1848 438 1892 est
487 1846 597 1905 ipsa
634 1844 757 1892 bene
806 1845 1000 1892 dicendi
1040 1844 1261 1898 scientia..
1299 1845 1411 1892 finis
1453 1844 1556 1891 eius
1597 1846 1646 1891 et
1685 1859 1816 1891 sum-

129 1936 268 1966 mum
308 1921 381 1967 est
420 1919 543 1966 bene
585 1919 757 1966 dicere.

59 2070 102 2102 25
767 2045 872 2103 [AN
903 2045 1132 2105 umis]

238 2141 369 2188 XVI.
412 2141 648 2202 Sequitur
688 2144 936 2203 quaestio,
984 2159 1055 2189 an
1105 2143 1282 2190 utilis
1328 2143 1646 2190 rhetorice.
1701 2158 1817 2189 nam
1878 2146 1904 2189 1

129 2215 330 2277 quidam
355 2216 704 2263 vehementer
691 2233 744 2264 in
777 2232 886 2264 eam
923 2218 1092 2264 invehi
1124 2218 1284 2265 solent
1316 2220 1366 2264 et
1400 2217 1531 2278 quod
1562 2216 1627 2264 sit
1652 2216 1816 2278 indig-

126 2290 401 2351 nissimum,
440 2291 492 2336 in
533 2293 897 2339 accusationem
938 2293 1177 2339 orationis
1225 2294 1434 2339 utuntur
1482 2291 1656 2339 orandi
1700 2292 1815 2337 viri-

126 2364 243 2412 bus:
283 2365 619 2425 eloquentiam
655 2381 774 2425 esse,
815 2382 940 2426 quae
972 2367 1144 2427 poenis
1177 2367 1358 2427 eripiat
1389 2367 1635 2425 scelestos,
1668 2365 1806 2412 cuius

61 2456 105 2489 30
129 2439 303 2486 fraude
336 2439 633 2486 damnentur
663 2440 864 2487 interim
894 2439 1025 2501 boni,
1067 2442 1273 2488 consilia
1306 2440 1552 2487 ducantur
1583 2441 1635 2485 in
1658 2441 1816 2500 peius,

128 2529 217 2559 nec
257 2512 520 2560 seditiones
560 2514 706 2562 modo
746 2515 1019 2576 turbaeque
1058 2516 1338 2576 populares,
1379 2515 1464 2562 sed
1502 2514 1635 2561 bella
1667 2515 1819 2560 etiam

127 2587 450 2648 inexpiabilia
476 2587 764 2649 excitentur,
790 2589 927 2635 cuius
954 2589 1164 2650 denique
1187 2592 1295 2636 tum
1319 2590 1563 2636 maximus
1597 2588 1662 2636 sit
1685 2604 1817 2647 usus,

131 2676 242 2707 cum
279 2677 369 2722 pro
409 2660 551 2709 falsis
600 2665 773 2710 contra
823 2664 1086 2710 veritatem
1133 2664 1281 2711 valet.
1351 2679 1468 2711 nam
1523 2666 1571 2710 et
1622 2661 1818 2709 Socrati
1875 2665 1905 2708 3

0 2737 18 2774 l

1873 2369 1901 2412 [θ

250 2836 276 2874 8
303 2833 536 2875 consensit
565 2840 612 2875 B
732 2838 785 2877 16
818 2833 1022 2876 finiendo
1054 2834 1162 2876 BPl
1284 2839 1337 2876 27
1373 2833 1454 2891 sit]
1486 2835 1557 2876 est
1582 2834 1726 2877 Halm

131 2894 186 2933 32
219 2890 605 2948 inexpugnabilia
635 2900 681 2934 B
