2055 3130
263 71 368 123 170
746 71 1118 123 QVINTILIANI
1148 71 1299 116 INST.
1335 72 1426 116 OR.

259 211 344 258 sed
381 227 479 258 non
517 207 680 271 nunc’,
721 213 770 258 et
808 213 860 257 in
898 211 1005 258 loco
1047 207 1164 258 ‘non
1205 206 1319 271 hic',
1371 213 1421 258 et
1458 212 1510 257 in
1555 227 1764 273 persona
1811 209 1928 260 ‘non

259 284 414 344 nobis,
452 300 549 331 non
590 286 761 332 contra
797 279 921 342 hos’,
970 287 1018 330 et
1055 285 1108 330 in
1147 300 1322 347 genere
1363 285 1539 347 agendi
1580 281 1695 332 ‘non
1735 282 1839 345 sic',
1879 288 1928 333 et

258 359 310 403 in
349 358 492 404 modo
535 354 651 404 ‘non
689 359 742 404 in
779 353 1008 404 tantum'.

372 430 467 477 Sed
504 446 764 491 personam
803 433 996 491 saepius
1036 431 1221 478 decoris
1269 431 1432 493 gratia
1484 432 1766 491 intuemur,.
1803 448 1927 493 quae

170 505 232 549 36
259 507 307 550 et
344 505 395 550 in
434 504 573 551 nobis
606 507 655 551 et
685 504 738 550 in
769 504 844 563 iis,
885 505 971 565 qui
1002 503 1289 562 deliberant,
1330 505 1595 564 spectanda
1634 506 1720 554 est.
1758 505 1928 566 itaque

260 579 483 638 quamvis
523 578 744 638 exempla
781 578 1050 638 plurimum
1088 579 1140 624 in
1179 578 1395 625 consiliis
1434 578 1638 638 possint,
1693 580 1809 639 quia
1855 579 1925 626 fa-

258 651 439 697 cillime
479 651 541 697 ad
580 650 980 698 consentiendum
1018 651 1238 698 homines
1277 651 1525 698 ducuntur
1572 653 1928 712 experimentis,

256 724 409 771 refert
456 726 638 783 tamen,
694 740 903 785 quorum
954 726 1221 772 auctoritas
1277 726 1327 771 et
1386 724 1561 785 quibus
1617 725 1927 772 adhibeatur:

258 797 438 844 diversi
484 800 602 845 sunt
647 799 777 844 enim
823 798 1201 844 deliberantium
1248 799 1413 856 animi,
1468 798 1647 858 duplex
1693 798 1928 846 condicio.

169 873 229 917 37
257 886 372 917 nam
411 873 694 918 consultant
740 873 828 918 aut
873 871 1037 932 plures
1085 874 1172 918 aut
1225 872 1431 933 singuli,
1479 872 1563 918 sed
1608 874 1661 919 in
1706 873 1928 933 utrisque

259 945 546 1003 differentia,
596 947 712 1006 quia
752 947 801 991 et
838 946 889 991 in
936 944 1158 1005 pluribus
1206 945 1417 991 multum
1463 947 1684 1004 interest,
1730 949 1928 993 senatus

258 1019 323 1064 sit
362 1033 424 1064 an
462 1019 688 1080 populus,
729 1019 940 1065 Romani
979 1034 1041 1064 an
1080 1019 1354 1078 Fidenates,
1403 1018 1578 1066 Graeci
1617 1034 1679 1065 an
1718 1019 1929 1078 barbari,

258 1093 306 1137 et
355 1093 406 1138 in
457 1092 679 1154 singulis,
743 1090 920 1139 Catoni
971 1092 1206 1152 petendos
1259 1093 1466 1140 honores
1521 1092 1811 1140 suadeamus
1866 1109 1929 1140 an

259 1164 308 1211 C.
334 1165 506 1225 Mario,
546 1167 603 1213 de
642 1167 833 1213 ratione
872 1165 990 1212 belli
1023 1164 1186 1226 Scipio
1211 1168 1347 1227 prior
1371 1181 1432 1212 an
1466 1167 1648 1214 Fabius
1681 1167 1928 1213 deliberet.

169 1242 231 1286 38
257 1239 461 1299 proinde
499 1240 736 1286 intuenda
775 1255 929 1297 sexus,
971 1240 1202 1302 dignitas,
1242 1242 1392 1298 aetas,
1432 1240 1515 1287 sed
1553 1255 1712 1287 mores
1743 1241 1926 1301 praeci-

252 1328 346 1373 pue
388 1313 646 1361 discrimen
688 1312 887 1360 dabunt.
923 1315 970 1359 et
1008 1313 1214 1360 honesta
1255 1313 1450 1374 quidem
1483 1314 1700 1361 honestis
1726 1313 1928 1360 suadere

257 1387 551 1433 facillimum
591 1389 685 1446 est,
726 1387 768 1433 si
807 1402 921 1434 vero
961 1387 1093 1448 apud
1132 1390 1299 1447 turpes
1338 1390 1472 1434 recta
1519 1387 1740 1448 optinere
1787 1403 1929 1434 cona-

257 1460 432 1519 bimur,
494 1477 553 1508 ne
599 1461 856 1508 videamur
911 1460 1203 1521 exprobrare
1259 1461 1502 1508 diversam
1560 1461 1694 1508 vitae
1748 1463 1930 1507 sectam

167 1537 232 1580 39
259 1534 541 1581 cavendum.
583 1538 632 1581 et
670 1536 863 1581 animus
905 1534 1221 1581 deliberantis
1262 1550 1358 1581 non
1382 1534 1491 1595 ipsa
1521 1534 1713 1582 honesti
1737 1536 1929 1591 natura,

259 1624 405 1669 quam
460 1609 544 1656 ille
599 1625 695 1656 non
748 1609 963 1668 respicit,
1012 1608 1387 1668 permovendus,
1442 1608 1524 1655 sed
1578 1607 1737 1666 laude,
1791 1608 1931 1670 vulgi
1954 1626 1973 1656 2

259 1682 502 1743 opinione,
543 1684 592 1729 et
630 1685 671 1730 si
710 1698 888 1743 parum
926 1681 1150 1743 proficiet
1187 1682 1307 1729 haec
1345 1682 1554 1740 vanitas,
1605 1685 1835 1729 secutura
1874 1698 1932 1728 ex

257 1757 333 1803 his
383 1756 616 1814 utilitate,
665 1756 921 1817 aliquanto
968 1771 1083 1803 vero
1131 1757 1287 1817 magis
1336 1755 1587 1803 obiciendo
1636 1755 1842 1816 aliquos,
1889 1757 1932 1803 si

169 1831 233 1875 40
259 1831 452 1877 diversa
483 1830 701 1888 fecerint,
740 1832 911 1877 metus.
953 1845 1067 1876 nam
1091 1832 1286 1890 praeter
1309 1829 1375 1886 id,
1415 1829 1548 1890 quod
1586 1829 1662 1876 his
1695 1829 1932 1876 levissimi

259 1906 493 1965 cuiusque
527 1904 717 1950 animus
749 1904 984 1950 facillime
1008 1906 1236 1962 terretur,
1275 1905 1436 1950 nescio
1463 1920 1525 1950 an
1550 1905 1701 1950 etiam
1732 1906 1929 1950 natura-

258 1978 373 2024 liter
412 1977 543 2038 apud
581 1977 820 2038 plurimos
845 1977 958 2038 plus
990 1977 1156 2024 valeat
1185 1977 1429 2023 malorum
1461 1978 1610 2024 timor
1641 1991 1790 2038 quam
1822 1991 1929 2037 spes
1979 1993 1992 2002 ·

257 2051 510 2110 bonorum,
550 2053 678 2098 sicut
716 2051 908 2098 facilior
947 2050 1129 2098 eisdem
1167 2052 1388 2112 turpium
1427 2067 1576 2112 quam
1613 2051 1930 2097 honestorum

166 2125 229 2168 41
258 2125 537 2171 intellectus
579 2127 663 2172 est.
705 2124 973 2185 aliquando
1011 2123 1151 2172 bonis
1201 2140 1393 2185 quoque
1441 2124 1710 2172 suadentur
1754 2139 1930 2184 parum

259 2197 446 2256 decora,
487 2199 667 2244 dantur
704 2214 878 2259 parum
918 2199 1058 2245 bonis
1098 2199 1326 2256 consilia,
1373 2199 1424 2244 in
1473 2197 1651 2259 quibus
1697 2199 1929 2258 ipsorum,

259 2272 344 2333 qui
377 2271 650 2330 consulunt,
691 2274 945 2332 spectatur
976 2272 1182 2319 utilitas.
1209 2287 1297 2319 nec
1327 2287 1404 2318 me
1436 2271 1581 2331 fallit,
1608 2286 1735 2332 quae
1760 2271 1930 2318 statim

259 2345 496 2407 cogitatio
537 2345 698 2392 subire
744 2347 901 2405 possit
948 2346 1212 2408 legentem:
1267 2346 1359 2392 hoc
1422 2361 1536 2407 ergo
1590 2345 1833 2406 praecipis
1881 2347 1930 2391 et

168 2418 231 2463 42
258 2419 347 2465 hoc
387 2420 461 2466 fas
501 2417 682 2480 putas?
718 2421 915 2480 poterat
953 2435 1029 2466 me
1067 2419 1276 2466 liberare
1310 2417 1491 2477 Cicero,
1533 2420 1618 2480 qui
1655 2420 1729 2465 ita
1761 2417 1930 2464 scribit

260 2493 322 2539 ad
375 2493 589 2539 Brutum
641 2492 935 2554 praepositis
991 2493 1233 2553 plurimis,
1303 2508 1430 2554 quae
1480 2492 1682 2539 honeste
1736 2491 1931 2539 suaderi

377 2757 401 2794 5
435 2752 534 2809 qui]
562 2765 680 2806 quae
707 2760 750 2794 B
871 2756 923 2794 14
957 2751 1216 2795 deliberent
1240 2759 1323 2793 AB
1441 2755 1496 2793 23
1528 2751 1654 2808 nam]
1680 2763 1788 2792 nam
1806 2749 1930 2804 quod

258 2818 529 2912 gtirsiassgue
562 2811 618 2853 ΤΞ
738 2815 793 2853 28
836 2811 1005 2853 dantur
1042 2824 1210 2866 parum
1249 2810 1381 2852 bonis
1415 2824 1485 2853 om
1515 2817 1552 2851 A
1673 2813 1727 2851 32
1760 2822 1929 2864 propo-
