2007 3120
212 89 284 140 42
709 88 1082 140 QVINTILIANI
1112 89 1260 132 INST.
1296 88 1389 132 ΟΒ.

212 230 357 286 tivos,
410 243 677 287 numquam
730 228 898 274 tamen
952 227 1120 274 eadem
1175 223 1281 275 ‘ris’
1336 228 1528 290 syllaba
1580 229 1885 288 terminatos,

124 303 186 347 15
215 295 398 348 ‘Ceres’
424 303 569 362 cogat
600 300 695 346 (1101
721 295 982 347 ‘Cereris'P
1015 301 1134 361 quid
1166 300 1314 348 vero?
1347 317 1471 361 quae
1494 303 1601 348 tota
1624 302 1884 362 positionis

211 374 430 421 eiusdem
469 374 520 419 in
560 373 775 420 diversos
815 373 967 420 flexus
1002 371 1151 420 eunt?
1192 389 1300 420 cum
1334 370 1498 421 ‘Alba'
1533 375 1686 422 faciat
1718 370 1886 420 ‘Alba-

211 442 319 494 nos’
354 450 402 493 et
435 441 715 505 ‘Albensis',
749 443 897 493 ‘volo'
934 442 1104 494 ‘volui'
1140 450 1188 494 et
1221 442 1434 494 ‘volavi'.
1475 464 1589 493 nam
1619 447 1885 508 praeterito

211 519 408 580 quidem
469 522 686 580 tempore
740 521 875 566 varie
929 520 1131 566 formari
1184 521 1332 567 verba
1383 521 1543 581 prima
1594 536 1804 581 persona
1858 536 1886 568 0
1934 537 1951 568 5

209 593 377 640 littera
416 594 680 640 terminata
719 593 827 653 ipsa
867 594 1097 655 analogia
1137 593 1408 653 confitetur,
1448 595 1491 641 si
1523 594 1720 654 quidem
1767 594 1887 640 facit

212 662 352 713 ‘cado
409 666 575 726 cecidi,
630 666 844 727 spondeo
900 666 1155 727 spopondi,
1209 668 1360 729 pingo
1409 667 1559 728 pinxi,
1614 667 1723 730 lego
1774 667 1887 729 legi,

121 743 186 786 16
209 756 339 800 pono
378 742 536 800 posui,
574 740 749 802 frango
788 739 929 801 fregi,
968 740 1115 786 laudo
1155 737 1389 787 laudavi’.
1459 756 1556 787 non
1595 740 1738 799 enim,
1779 755 1888 786 cum

209 815 424 874 primum
463 812 761 874 fingerentur
798 813 1034 872 homines,
1080 814 1327 875 Analogia
1367 814 1577 861 demissa
1616 814 1750 860 caelo
1790 813 1887 860 for-

210 903 342 933 mam
391 886 624 947 loquendi
671 886 825 946 dedit,
881 886 965 933 sed
1017 887 1218 933 inventa
1265 890 1358 949 est,
1412 890 1674 948 postquam
1719 888 1886 948 loque-
1912 903 1953 934 ιο
2005 898 2007 952 1

210 959 404 1018 bantur,
445 962 494 1006 et
532 962 759 1006 notatum
783 960 834 1005 in
866 975 1100 1020 sermone,
1143 960 1262 1021 quid
1287 976 1480 1021 quoque
1505 961 1648 1007 modo
1675 960 1885 1007 caderet.
1993 953 2007 1044 ,Ι

208 1035 377 1093 itaque
424 1049 521 1079 non
567 1035 759 1079 ratione
806 1033 998 1093 nititur,
1048 1033 1130 1081 sed
1179 1034 1413 1095 exemplo,
1463 1050 1549 1080 1100
1589 1035 1666 1080 1οΧ
1705 1036 1779 1080 est
1816 1034 1887 1080 lo-
1993 1026 1999 1083 ³

209 1107 405 1167 quendi,
445 1106 529 1153 sed
569 1106 861 1166 observatio,
901 1110 955 1153 ut
994 1108 1153 1167 ipsam
1193 1108 1474 1169 analogiam
1512 1108 1649 1153 nulla
1679 1123 1754 1154 res
1788 1107 1888 1154 alia

119 1184 180 1227 17
209 1180 381 1227 fecerit
421 1196 566 1240 quam
607 1180 918 1227 consuetudo.
967 1180 1220 1228 inhaerent
1259 1183 1423 1227 tamen
1463 1182 1508 1227 01
1547 1181 1747 1241 quidam
1786 1197 1887 1228 mo-

209 1254 473 1300 lestissima
527 1253 810 1316 diligentiae
865 1255 1208 1314 perversitate,
1263 1257 1318 1300 ut
1374 1250 1663 1301 ‘audaciter’
1721 1253 1884 1315 potius
1911 1270 1951 1302 15

208 1327 378 1374 dicant
425 1342 571 1388 quam
622 1324 908 1387 ‘audacter',
961 1329 1076 1374 licet
1131 1344 1296 1375 omnes
1352 1331 1568 1374 oratores
1624 1327 1759 1373 aliud
1814 1343 1886 1374 se-

208 1403 438 1461 quantur,
464 1403 513 1448 et
538 1397 821 1460 ‘emicavit',
846 1417 942 1448 non
971 1397 1223 1460 ‘emicuit’,
1256 1406 1303 1447 et
1330 1397 1547 1459 ‘conire’,
1579 1417 1677 1448 non
1704 1397 1885 1447 ecoire'.

207 1473 283 1520 his
330 1476 673 1534 permittamus
721 1477 770 1521 et
818 1471 1099 1521 ‘audivisse’
1143 1477 1191 1521 et
1233 1470 1468 1522 ‘scivisse'
1511 1478 1560 1521 et
1601 1470 1883 1521 ‘tribunale’

211 1550 261 1593 et
302 1544 549 1594 ‘faciliter'
593 1548 773 1594 dicere:
823 1543 1068 1610 ‘frugalis’
1110 1564 1303 1609 quoque
1343 1548 1407 1596 sit
1447 1548 1577 1609 apud
1615 1547 1741 1607 illos,
1789 1562 1886 1595 non

118 1624 183 1667 18
211 1617 407 1682 ‘frugi’:
440 1636 554 1667 nam
589 1637 683 1681 quo
717 1622 814 1668 alio
847 1622 990 1668 inodo
1023 1621 1106 1668 fiet
1140 1617 1477 1683 ‘frugalitas'P
1509 1621 1636 1667 idem
1673 1617 1887 1668 ‘centum
1911 1638 1952 1668 eo

208 1694 346 1741 milia
385 1691 655 1741 nummum'
698 1702 747 1741 et
787 1692 950 1742 ‘fidem
998 1691 1161 1742 deum'
1204 1696 1465 1742 ostendant
1512 1695 1720 1756 duplicis
1769 1710 1887 1755 quo-

208 1784 302 1828 que
343 1768 651 1815 soloecismos
693 1784 810 1828 esse,
859 1770 1053 1828 quando
1103 1772 1149 1816 et
1189 1785 1356 1816 casum
1396 1771 1592 1815 mutant
1630 1771 1680 1814 et
1717 1783 1886 1814 nume-

207 1858 339 1887 rum:
395 1842 730 1889 nesciebamus
787 1844 916 1888 enim
972 1859 1026 1890 ac
1080 1859 1177 1889 non
1232 1842 1575 1890 consuetudini
1630 1844 1678 1888 et
1725 1841 1887 1888 decori

208 1914 554 1974 serviebamus,
595 1918 722 1962 sicut
759 1918 809 1962 in
849 1916 1090 1976 plurimis,
1131 1932 1254 1976 quae
1285 1916 1348 1962 M.
1376 1916 1565 1962 Tullius
1596 1916 1648 1960 in
1681 1913 1885 1962 Oratore

117 1992 183 2034 19
209 1988 372 2034 divine
433 1992 489 2034 ut
551 1990 713 2036 omnia
776 1992 1042 2049 exequitur.
1120 1990 1204 2036 sed
1265 1991 1519 2052 Augustus
1583 2004 1774 2049 quoque
1835 1990 1887 2036 in
1910 2006 1952 2040 25

209 2063 433 2122 epistulis
482 2062 543 2108 ad
583 2062 632 2109 C.
668 2062 923 2110 Caesarem
970 2063 1165 2124 scriptis
1213 2063 1453 2121 emendat,
1502 2062 1631 2122 quod
1668 2062 1709 2109 is
1752 2058 1886 2109 ‘cali-

209 2131 343 2181 dum'
394 2135 551 2182 dicere
600 2152 748 2197 quam
789 2132 1021 2184 P‘caldum'
1063 2137 1220 2196 malit,
1270 2153 1368 2184 non
1417 2137 1533 2196 quia
1578 2136 1630 2182 id
1679 2152 1772 2182 non
1821 2137 1887 2182 sit

208 2207 457 2267 Latinum,
505 2209 587 2256 sed
638 2211 757 2270 quia
796 2211 862 2257 sit
901 2211 1123 2258 odiosum
1164 2214 1224 2269 et,
1273 2214 1328 2256 111
1367 2210 1470 2271 ipsc
1511 2207 1695 2256 Graeco
1737 2209 1884 2256 verbo
1919 2240 1924 2245 ι

117 2285 184 2329 20
209 2282 522 2344 significavit,
554 2283 820 2347 περίεργον.
862 2286 1001 2345 atqui
1031 2285 1156 2330 hanc
1187 2284 1387 2344 quidam
1413 2280 1703 2344 ὀρθοέπειαν
1728 2283 1885 2329 solam

208 2358 403 2416 putant,
444 2372 592 2417 quam
632 2373 720 2419 ego
760 2358 960 2404 minime
1001 2357 1213 2404 excludo.
1256 2358 1372 2417 quid
1413 2356 1542 2404 enim
1580 2359 1683 2403 tam
1723 2371 1881 2402 neces·
1908 2376 1950 2408 30

329 2517 383 2554 24
418 2511 491 2554 Or.
525 2517 594 2564 46,
631 2518 712 2555 155

329 2649 354 2687 2
388 2658 506 2699 quae
537 2653 640 2687 BP:
675 2645 799 2699 quod
831 2654 867 2686 A
982 2650 1005 2687 3
1040 2648 1209 2688 exeunt
1241 2651 1293 2686 N
1391 2650 1415 2686 5
1449 2642 1636 2698 quidem
1669 2656 1738 2685 om
1768 2650 1813 2684 B

212 2708 263 2745 11
299 2704 411 2758 quid
438 2718 619 2759 quoque
643 2712 747 2746 BP:
782 2704 895 2759 quid
921 2718 1010 2759 quo
1036 2713 1071 2745 A
1098 2705 1150 2758 cf
1166 2703 1185 2745 l
1209 2708 1249 2756 8,
1271 2710 1293 2746 1
1313 2717 1403 2759 quo
1429 2703 1633 2757 quidque
1659 2701 1883 2758 Spalding]

272 2767 324 2805 13
358 2762 607 2819 analogian
639 2764 739 2804 Bn¹
847 2768 900 2805 14
933 2763 976 2806 ei
1009 2777 1077 2806 om
1110 2770 1198 2804 BP
1299 2767 1354 2804 20
1387 2762 1469 2804 fiat
1500 2769 1544 2803 P
1642 2765 1696 2801 26
1731 2773 1882 2802 emen-

208 2821 295 2863 dat
319 2822 443 2876 quod
467 2822 506 2864 is
532 2829 592 2863 B:
626 2822 916 2864 emendatius
936 2830 970 2863 A
1004 2822 1275 2864 emendatus
1301 2820 1424 2876 quod
1449 2820 1487 2862 is
1506 2827 1550 2862 P
1573 2822 1578 2875 Ι
1607 2819 1810 2861 calidam
1827 2844 1882 2850 —-

207 2880 394 2923 caldam
418 2881 526 2923 Keil
617 2885 669 2922 27
696 2880 872 2923 mavult
896 2889 931 2922 A
959 2884 965 2935 Ι
993 2881 1061 2938 1(1]
1094 2881 1211 2924 illud
1237 2889 1280 2923 P
1367 2883 1422 2923 28
1448 2879 1647 2922 otiosum
1671 2879 1883 2921 Burman
