2012 3151
662 66 736 109 VI.
771 70 812 121 4,
848 70 1033 109 14—22.
1069 71 1109 119 5,
1145 71 1271 110 1—2.
1705 69 1812 121 355

129 208 242 254 bere
267 208 347 254 vel
379 207 620 264 desinant,
659 209 715 252 ut
746 206 834 252 1110
865 206 1020 265 recipi
1050 206 1130 252 vel
1161 208 1328 267 respui
1359 206 1541 253 vident.
1574 223 1811 254 nonnum·
1839 210 1902 254 20

133 297 298 341 quam,
338 280 379 327 si
417 296 522 326 rem
561 279 783 326 evolvere
823 281 1131 340 propositam
1163 279 1307 326 facile
1347 295 1445 326 non
1486 281 1564 339 sit,
1603 281 1814 327 inferen-

133 355 195 401 da
235 357 309 402 est
349 354 449 400 alia
489 354 728 414 quaestio,
769 355 919 413 atque
959 353 1011 398 in
1052 367 1160 399 eam
1199 353 1359 411 iudex,
1412 354 1454 399 si
1491 353 1599 400 fieri
1636 355 1814 414 potest,

133 427 427 475 avocandus.
469 427 587 488 quid
628 427 770 487 enim,
820 442 929 474 cum
968 426 1264 487 respondere
1302 443 1398 474 non
1448 428 1619 488 possis,
1668 443 1814 491 agen-

87 519 105 549 5
133 499 249 548 dum
275 504 361 561 est,
401 501 498 548 nisi
529 503 586 548 ut
618 500 755 547 aliud
788 499 1026 560 invenias,
1069 502 1147 546 cui
1180 499 1490 549 adversarius
1522 502 1815 562 respondere

130 592 227 623 non
258 573 449 636 possit?
488 575 541 621 in
572 574 820 635 plerisque
852 574 985 621 idem
1021 576 1108 633 est,
1148 577 1204 621 ut
1236 574 1351 634 dixi,
1393 574 1476 635 qui
1502 576 1632 622 circa
1663 577 1813 623 testes
1841 576 1900 620 21

0 642 2 716 j
129 649 278 709 locus,
321 651 370 696 et
407 650 628 710 personis
667 648 814 695 modo
846 648 1014 707 distat,
1056 648 1187 709 quod
1218 648 1298 694 hic
1330 651 1655 710 patronorum
1684 650 1817 696 inter

0 729 2 788 l
130 739 180 770 se
220 725 480 783 certamen,
520 722 623 770 11110
663 737 831 785 pugna
869 724 999 769 inter
1037 724 1215 770 testem
1255 725 1303 770 et
1342 726 1621 784 patronum.

242 797 544 844 Exercitatio
606 812 721 843 vero
776 796 923 843 huius
977 796 1050 843 rei
1102 797 1248 858 longe
1301 797 1508 844 facilior.
1572 812 1687 844 nam
1742 800 1817 844 est

0 880 1 884 ’
67 888 106 918 10
130 871 450 918 utilissimum
519 871 801 931 fiequenter
855 885 965 916 cum
1021 870 1211 932 aliquo,
1281 871 1367 931 qui
1422 872 1488 917 sit
1542 871 1818 918 studiorum

132 944 408 1003 eorundem,
464 960 654 991 sumere
693 945 954 990 materiam
1007 945 1087 991 vel
1137 959 1283 991 verae
1333 944 1413 992 vel
1469 944 1620 992 etiam
1673 944 1816 992 fictae

130 1020 491 1066 controversiae
533 1020 581 1064 et
621 1017 839 1065 diversas
879 1020 1046 1078 partes
1087 1018 1425 1065 altercationis
1471 1019 1617 1066 modo
1664 1018 1816 1066 tueri:

131 1092 262 1153 quod
315 1091 447 1138 idem
500 1093 650 1138 etiam
707 1093 760 1138 in
812 1091 1026 1153 simplici
1081 1108 1255 1155 genere
1312 1094 1655 1153 quaestionum
1711 1092 1818 1139 fieri

128 1169 307 1228 potest.
361 1182 421 1214 ne
471 1165 597 1213 iHud
648 1165 845 1226 quidem
900 1167 1127 1228 ignorare
1185 1166 1482 1213 advocatum
1535 1168 1662 1227 volo,
1719 1182 1813 1228 quo
1843 1167 1904 1210 22

65 1257 104 1288 15
133 1256 355 1301 quaeque
420 1240 589 1287 ordine
642 1239 870 1302 probatio
925 1241 992 1288 sit
1054 1240 1186 1302 apud
1239 1241 1453 1288 iudicem
1507 1241 1816 1302 proferenda,

131 1315 268 1362 cuius
307 1314 380 1361 rei
421 1314 592 1361 eadem
633 1330 758 1375 quae
796 1314 849 1360 in
890 1315 1193 1376 argumentis
1234 1315 1362 1363 ratio
1403 1317 1491 1374 est,
1542 1318 1599 1362 ut
1643 1318 1816 1376 poten-

128 1389 321 1436 tissima
361 1390 523 1450 prima
564 1391 650 1434 aut
689 1404 881 1436 summa
919 1392 1191 1450 ponantur,
1232 1389 1321 1436 illa
1362 1390 1491 1436 enim
1525 1389 1587 1436 ad
1619 1389 1814 1438 creden·

129 1462 246 1509 dum
285 1465 588 1524 praeparant
627 1462 852 1522 iudicem,
891 1462 1012 1510 haec
1051 1463 1114 1509 ad
1153 1463 1592 1524 pronuntiandum.

567 1588 666 1646 [DE
699 1588 922 1632 IUDICIO
957 1588 1034 1631 ET
1068 1587 1377 1648 CONSILIO]

62 1702 104 1732 20
237 1684 297 1731 V.
337 1684 429 1731 His
468 1700 558 1746 pro
597 1686 767 1732 nostra
806 1684 1046 1732 facultate
1085 1686 1314 1733 tractatis
1363 1701 1461 1734 non
1512 1686 1814 1734 dubitassem
1848 1689 1873 1732 1

127 1760 339 1806 transire
380 1760 607 1820 protinus
655 1759 718 1806 ad
758 1759 1147 1820 dispositionem,
1198 1776 1322 1821 quae
1372 1760 1541 1808 ordine
1588 1762 1697 1822 ipso
1746 1777 1816 1809 se-

129 1835 312 1894 quitur,
351 1834 449 1880 nisi
487 1849 682 1880 vererer
712 1849 787 1893 ne,
831 1834 1064 1894 quoniam
1096 1834 1312 1894 fuerunt,
1356 1836 1441 1895 qui
1472 1834 1711 1882 iudicium
1743 1837 1817 1882 in-

128 1908 351 1954 ventioni
391 1907 758 1970 subiungerent,
807 1908 1101 1968 praeterisse
1141 1908 1272 1956 hunc
1311 1909 1474 1956 locum
1522 1909 1813 1970 quibusdam

127 1981 334 2043 viderer,
386 1982 471 2042 qui
508 1997 619 2029 mea
659 1981 858 2043 quidem
910 1982 1140 2043 opinione
1197 1982 1318 2030 adeo
1374 1983 1600 2045 partibus
1656 1986 1817 2045 operis

63 2072 104 2102 25
128 2056 274 2102 huius
316 2055 540 2104 omnibus
582 2071 791 2103 conexus
833 2070 889 2102 ac
928 2057 1112 2103 mixtus
1147 2060 1240 2117 est,
1288 2060 1343 2103 ut
1383 2073 1442 2103 ne
1485 2075 1512 2104 a
1560 2059 1816 2105 sententiis

129 2129 327 2191 quidem
379 2132 467 2177 aut
511 2129 674 2177 verbis
729 2130 907 2177 saltem
962 2131 1170 2193 singulis
1224 2132 1382 2192 possit
1438 2134 1674 2193 separari,
1729 2148 1818 2179 nec

127 2205 286 2265 magis
328 2207 432 2251 arte
470 2204 690 2252 traditur
728 2220 878 2265 quam
917 2207 1090 2266 gustus
1139 2208 1227 2252 aut
1274 2205 1406 2252 odor.
1454 2206 1662 2267 ideoque
1710 2222 1812 2267 nos,

130 2277 250 2338 quid
288 2279 340 2324 in
381 2294 574 2339 quaque
613 2295 667 2325 re
707 2278 1010 2339 sequendum
1050 2279 1419 2340 cavendumque
1460 2280 1547 2340 sit,
1588 2281 1816 2328 docemus

129 2367 184 2399 ac
247 2351 475 2414 deinceps
539 2352 836 2412 docebimus,
898 2355 956 2399 ut
1017 2353 1081 2399 ad
1136 2369 1193 2400 ea
1253 2354 1495 2401 iudicium
1549 2355 1816 2417 derigatur.

63 2442 105 2473 30
129 2426 432 2487 praecipiam
470 2427 641 2489 igitur,
680 2442 741 2474 ne
781 2426 912 2487 quod
952 2426 1081 2474 effici
1120 2443 1218 2475 non
1257 2430 1422 2489 potest
1456 2429 1817 2492 adgrediamur,

128 2502 184 2546 ut
224 2502 474 2548 contraria
512 2502 724 2549 vitemus
759 2503 807 2548 et
847 2503 1140 2561 communia,
1191 2518 1251 2548 ne
1293 2503 1412 2563 quid
1451 2504 1504 2550 in
1544 2504 1816 2564 eloquendo

1848 2208 1875 2250 [θ

250 2704 273 2742 6
307 2700 431 2743 idem
464 2704 535 2744 051
567 2701 816 2759 Spaldiny:
855 2702 995 2745 iudex
1028 2704 1098 2745 0513
1129 2710 1209 2744 AG
1240 2702 1380 2745 iudex
1413 2705 1484 2747 est
1516 2704 1815 2747 advocandus

130 2765 262 2801 PVM
410 2765 432 2801 7
466 2760 593 2803 locos
626 2762 674 2803 et
703 2774 927 2816 personas
967 2770 996 2803 V
1027 2764 1073 2804 et
1104 2761 1230 2804 locos
1264 2763 1312 2804 et
1342 2776 1564 2817 personas
1597 2771 1642 2805 P

131 2822 184 2860 13
217 2819 266 2860 in
298 2826 400 2860 PV:
433 2833 503 2862 om
533 2827 668 2862 Am!
786 2825 839 2862 17
874 2821 974 2878 aut]
1018 2823 1073 2863 ut
1104 2820 1292 2863 Afflm‘2
1324 2823 1371 2864 et
1402 2822 1501 2864 PV1
1534 2836 1714 2865 summa
1746 2823 1764 2864 i
1795 2835 1817 2865 e

130 2879 335 2920 extrema
367 2878 418 2931 cf
442 2878 485 2921 V
519 2883 587 2929 12,
623 2884 677 2921 14
800 2884 853 2922 29
889 2880 1121 2936 dirigatur
1153 2881 1282 2924 libri.-
1314 2895 1414 2924 corr
1444 2883 1630 2925 Meister

1464 2955 1549 2996 23*
