2007 3120
776 83 810 128 Ι.
861 88 899 135 1,
934 87 1121 127 25-37.
1728 85 1795 136 13

103 225 421 273 festinatione
460 223 717 271 adiciatur.
787 223 901 270 hinc
941 224 1072 270 enim
1113 224 1294 271 accidit
1334 224 1597 285 dubitatio,
1644 226 1795 272 inter-

101 299 286 359 missio,
339 297 570 360 repetitio
623 297 736 359 plus
794 312 939 358 quam
996 300 1204 358 possunt
1258 298 1568 359 audentibus,
1621 299 1795 346 deinde

102 389 210 421 cum
266 373 508 432 errarunt,
563 372 716 419 etiam
768 372 830 418 iis
888 387 1012 432 quae
1066 373 1169 418 iam
1223 373 1386 419 sciunt
1442 372 1794 420 diffidentibus.

102 450 235 496 certa
283 447 349 494 sit
395 461 511 509 ergo
557 447 612 492 in
649 444 823 507 primis
862 445 1026 505 lectio,
1078 446 1252 493 deinde
1294 448 1570 504 coniuncta,
1623 449 1672 494 et
1711 447 1795 493 diu
1820 450 1882 494 33

0 550 1 575 ᾗ
56 538 75 570 5
100 521 296 580 lentior,
348 520 500 567 donec
547 521 895 567 exercitatione
945 522 1205 582 contingat
1244 520 1504 568 emendata
1541 521 1792 568 velocitas.

100 610 215 642 nam
262 594 539 656 prospicere
586 595 639 640 in
687 593 927 651 dextrum,
979 594 1112 656 quod
1160 609 1327 641 omnes
1367 595 1694 656 praecipiunt,
1746 598 1796 642 et
1819 598 1884 643 34

98 668 358 730 providere
403 683 501 716 non
548 667 758 715 rationis
806 667 965 727 modo,
1017 668 1101 715 sed
1139 683 1257 715 usus
1297 684 1490 729 quoque
1533 671 1620 728 est,
1673 685 1794 730 quo-

98 743 233 790 niam
266 743 523 804 sequentia
554 743 773 789 intuenti
805 742 971 804 priora
1005 742 1210 789 dicenda
1243 744 1372 802 sunt,
1406 745 1468 803 et,
1502 742 1634 804 quod
1667 742 1793 789 diffi-

99 816 340 864 cillimum
395 818 489 876 est,
545 816 809 863 dividenda
863 816 1074 863 intentio
1133 818 1306 876 animi,
1361 820 1418 863 ut
1473 817 1610 863 aliud
1661 833 1793 876 voce,

31 909 74 940 10
99 890 236 938 aliud
290 891 445 939 oculis
501 892 692 953 agatur.
762 890 888 936 illud
938 906 1037 937 non
1090 890 1367 952 paenitebit
1417 907 1627 950 curasse,
1683 907 1795 939 cum

98 965 308 1012 scribere
355 967 558 1012 nomina
596 981 732 1026 puer,
778 965 1193 1026 quemadmodum
1232 966 1383 1012 moris
1424 968 1513 1025 est,
1561 967 1793 1026 coeperit,

97 1056 156 1087 ne
196 1039 323 1086 hanc
363 1055 564 1101 operam
602 1040 653 1085 in
690 1039 942 1086 vocabulis
974 1039 1264 1102 vulgaribus
1298 1042 1347 1086 et
1378 1040 1506 1087 forte
1540 1055 1793 1087 occurren-

96 1113 232 1161 tibus
256 1113 447 1175 perdat.
487 1113 713 1175 protinus
748 1114 879 1160 enim
910 1116 1076 1175 potest
1107 1113 1570 1175 interpretationem
1595 1115 1793 1178 linguae
1820 1110 1882 1154 35

98 1189 389 1247 secretioris,
431 1203 551 1249 quas
590 1186 767 1235 Graeci
805 1186 1024 1252 γλώσσας
1056 1191 1251 1247 vocant,
1292 1187 1410 1234 dum
1443 1188 1580 1234 aliud
1613 1190 1794 1251 agitur,

30 1279 71 1310 15
97 1262 311 1309 ediscere
374 1264 423 1309 et
476 1264 607 1309 inter
660 1263 821 1323 prima
877 1262 1120 1309 elementa
1176 1264 1408 1324 consequi
1462 1277 1567 1309 rem
1622 1265 1795 1324 postea

95 1337 353 1398 proprium
406 1339 601 1398 tempus
657 1336 1063 1384 desideraturam.
1136 1339 1185 1383 et
1241 1338 1478 1397 quoniam
1533 1338 1661 1384 circa-
1717 1353 1794 1384 res

98 1410 257 1458 adhuc
303 1413 475 1459 tenues
522 1426 789 1470 moramur,
836 1412 874 1457 ii
922 1426 1118 1472 quoque
1165 1425 1348 1471 versus,
1400 1412 1486 1473 qui
1526 1411 1590 1458 ad
1628 1411 1793 1459 imita-

96 1486 284 1544 tionem
324 1484 569 1532 scribendi
600 1488 952 1546 proponentur,
992 1501 1088 1532 non
1123 1486 1307 1533 otiosas
1340 1485 1491 1532 velim
1524 1487 1794 1533 sententias

96 1559 326 1619 habeant,
366 1559 451 1606 sed
489 1559 748 1607 honestum
790 1559 978 1621 aliquid
1010 1562 1270 1607 monentis.
1323 1561 1641 1621 prosequitur
1673 1561 1794 1607 haec
1820 1564 1883 1608 36

31 1650 73 1681 20
97 1635 334 1681 memoria
380 1634 433 1680 in
480 1636 782 1681 senectutem
830 1636 878 1680 et
916 1635 1140 1694 inpressa
1181 1636 1345 1681 animo
1385 1634 1499 1681 rudi
1539 1650 1692 1696 usque
1733 1635 1794 1681 ad

94 1722 254 1756 mores
301 1707 538 1768 proficiet.
609 1709 762 1755 etiam
809 1708 942 1756 dicta
982 1708 1227 1756 clarorum
1268 1710 1485 1755 virorum
1525 1712 1572 1755 et
1613 1709 1794 1757 electos

96 1797 154 1829 ex
191 1784 352 1843 poetis
391 1783 602 1828 maxime
653 1776 888 1847 (namque
930 1798 1097 1829 eorum
1139 1783 1356 1846 cognitio
1396 1784 1564 1844 parvis
1606 1784 1795 1846 gratior

97 1850 193 1922 est)
249 1857 381 1904 locos
439 1856 651 1904 ediscere
706 1857 837 1903 inter
891 1856 1056 1904 lusum
1110 1857 1241 1904 licet.
1313 1873 1428 1904 nam
1481 1860 1530 1904 et
1580 1859 1793 1904 maxime

95 1932 373 1978 necessaria
413 1934 487 1978 est
525 1932 726 1990 oratori,
776 1931 904 1978 sicut
950 1946 1037 1978 suo
1085 1931 1193 1978 loco
1234 1930 1410 1990 dicam,
1457 1932 1697 1979 memoria
1745 1935 1794 1978 et

29 2021 70 2053 25
97 2019 153 2052 ea
191 2006 455 2066 praecipue
494 2004 721 2052 firmatur
760 2007 911 2066 atque
951 2006 1106 2052 alitur
1145 2005 1496 2052 exercitatione
1537 2007 1670 2054 etin
1702 2007 1793 2063 his,

97 2078 155 2126 de
195 2079 374 2140 quibus
414 2093 544 2126 nunc
582 2079 846 2141 loquimur,
895 2079 1158 2140 aetatibus,
1207 2095 1332 2140 quae
1372 2079 1618 2127 nihildum
1658 2082 1793 2141 ipsae

97 2169 330 2216 generare
378 2169 435 2201 ex
483 2169 532 2201 se
580 2156 781 2215 queunt,
830 2169 983 2216 prope
1024 2153 1129 2202 sola
1169 2157 1258 2213 est,
1308 2169 1433 2214 quae
1472 2155 1634 2202 iuvari
1676 2170 1794 2202 cura

97 2227 378 2276 docentium
417 2229 589 2289 possit.
641 2243 739 2275 non
780 2228 998 2275 alienum
1037 2228 1192 2276 fuerit
1230 2229 1424 2291 exigere
1456 2228 1516 2275 ab
1549 2229 1626 2276 his
1660 2231 1792 2276 aeta·
1819 2233 1880 2278 37

95 2301 245 2362 tibus,
285 2318 383 2364 quo
417 2303 484 2349 sit
516 2302 790 2350 absolutius
825 2318 876 2350 os
910 2304 959 2350 et
991 2304 1267 2364 expressior
1299 2318 1472 2361 sermo,
1505 2306 1561 2350 ut
1592 2304 1795 2351 nomina

29 2392 73 2425 3ο
98 2375 341 2438 quaedam
387 2391 654 2438 versusque
704 2376 984 2424 adfectatae
1032 2376 1342 2425 difficultatis
1384 2393 1441 2423 ex
1478 2377 1704 2438 pluribus
1745 2380 1794 2425 et
1864 2379 1866 2381 ’

98 2451 366 2511 asperrime
415 2451 704 2498 coeuntibus
751 2451 881 2498 inter
920 2466 970 2499 se
1011 2451 1214 2513 syllabis
1256 2453 1510 2500 catenatos
1551 2455 1599 2500 et
1638 2452 1793 2499 veluti

96 2524 413 2588 confragosos
455 2540 605 2586 quam
644 2526 936 2573 citatissime
976 2526 1203 2573 volvant:
1256 2525 1447 2589 χαλινοί
1486 2524 1668 2574 Graece
1710 2542 1792 2573 vo-

97 2600 287 2647 cantur.
327 2615 403 2647 res
436 2599 630 2646 modica
663 2599 814 2658 dictu,
854 2615 951 2661 qua
983 2603 1152 2647 tamen
1184 2601 1368 2648 omissa
1399 2600 1560 2647 multa
1591 2601 1791 2664 linguae

96 2673 236 2733 vitia,
277 2673 373 2721 nisi
411 2675 585 2735 primis
626 2675 909 2721 eximuntur
948 2675 1105 2734 annis,
1145 2673 1496 2722 inemendabili
1537 2677 1590 2721 in
1630 2677 1792 2737 poste-

35 2761 77 2794 ³5
100 2763 211 2794 rum
249 2747 499 2808 pravitate
541 2747 795 2795 durantur.

218 2908 273 2946 35
307 2903 532 2946 durentur
566 2912 635 2946 Pb
