1991 3120
168 90 208 131 X
663 87 1036 139 QVINTILIANI
1064 87 1214 131 INST.
1249 87 1340 131 OR.

166 227 429 286 conlatum,
471 227 556 286 qui
595 227 687 273 etsi
724 226 853 273 inter
882 227 1127 273 Romanos
1160 226 1374 287 optimus
1415 242 1517 274 esse
1547 227 1670 273 mihi
1701 227 1834 274 vide-

163 300 322 359 batur,
361 303 528 346 tamen
565 301 754 346 textum
793 299 988 346 exhibet
1027 300 1176 345 etiam
1213 301 1396 346 maiore
1436 316 1585 360 quam
1623 300 1835 347 Parisini

163 372 364 420 licentia
404 373 740 431 constitutum,
780 387 877 432 qua
915 387 967 418 re
1005 374 1166 419 motus
1205 388 1316 419 raro
1354 376 1551 419 tantum
1575 374 1677 420 eius
1701 389 1832 420 men-

163 447 349 493 tionem
386 446 492 492 feci.
540 445 790 491 Interdum
847 444 1053 506 adposui
1108 460 1188 491 eas
1243 445 1491 504 lectiones,
1545 462 1665 507 quas
1719 446 1834 492 libri

165 519 442 565 Turicensis
497 521 739 564 corrector
779 511 906 582 (ΤΞ)
962 517 1195 577 exhibuit,
1251 534 1391 578 quem
1449 518 1611 565 codice
1667 519 1834 579 aliquo

163 594 318 639 nostri
357 592 546 653 generis
584 606 723 638 usum
765 606 866 638 esse
906 590 1062 637 videri
1100 593 1200 638 iam
1241 606 1386 651 supra
1426 590 1539 637 dixi.

273 664 340 712 Iis
395 664 601 725 denique
656 665 790 722 locis,
846 663 1020 724 quibus
1067 662 1126 711 B
1171 664 1370 711 lacunas
1425 664 1588 724 habet,
1641 667 1836 725 praeter

164 738 283 785 haec
323 737 604 783 adjumenta
654 740 701 783 et
748 737 1124 799 Bambergensis
1172 737 1351 784 codicis
1400 753 1456 783 ex
1496 738 1835 798 supplemento

164 813 458 872 scripturam
498 804 601 875 (G)
651 814 700 857 et
745 811 859 856 libri
905 810 1208 858 Monacensis
1258 804 1380 875 (JI)
1429 811 1662 858 lectiones
1709 810 1835 871 dedi,

165 900 221 931 ex
260 884 447 931 Halmii
488 886 729 944 apparatu
770 883 1064 945 desumptas,
1105 900 1381 944 novumque
1422 884 1590 930 induxi
1623 883 1836 931 codicem

163 958 461 1004 Vaticanum
504 958 641 1004 1762
684 957 867 1004 saeculi
905 957 1010 1016 XV,
1058 973 1201 1018 quem
1252 973 1362 1004 vere
1404 959 1520 1003 anni
1562 959 1699 1005 1905
1741 957 1835 1004 Ro-

163 1047 269 1077 mae
323 1032 506 1092 partim
568 1031 754 1077 contuli
814 1031 996 1091 partim
1065 1031 1174 1078 luce
1238 1030 1575 1091 excipiendum
1643 1032 1836 1077 curavi:

163 1105 241 1151 bic
275 1097 380 1169 (V)
408 1120 436 1151 a
466 1103 668 1150 librario
708 1105 906 1166 linguae
938 1105 1122 1150 latinae
1146 1105 1358 1165 inperito
1383 1104 1527 1150 modo
1554 1104 1836 1151 adcuratius

163 1177 306 1225 modo
367 1178 708 1240 neglegentius
776 1178 985 1238 scriptus
1048 1178 1286 1239 originem
1341 1193 1364 1222 e
1421 1178 1836 1224 contaminatione

163 1251 400 1298 librorum
427 1251 593 1297 classis
618 1249 678 1298 A
703 1254 752 1297 et
778 1249 841 1298 P
859 1251 1050 1297 duxisse
1076 1251 1281 1309 videtur,
1315 1251 1439 1297 liber
1470 1265 1580 1297 cum
1612 1253 1835 1297 cautione

165 1324 465 1371 adhibendus
507 1324 590 1372 sed
622 1325 832 1385 propriis
875 1340 1068 1385 quoque
1100 1324 1368 1371 virtutibus
1402 1324 1660 1383 excellens3
1699 1324 1838 1370 velut

165 1398 297 1459 quod
347 1398 494 1444 semel
535 1397 732 1444 Gabbae
770 1413 946 1444 nomen
997 1399 1225 1457 servavit,
1264 1414 1362 1444 non
1401 1412 1556 1458 parva
1601 1398 1708 1444 laus
1749 1400 1834 1444 est.

276 1471 400 1517 Julii
439 1471 653 1517 Victoris
695 1475 934 1532 excerpta,
983 1487 1104 1532 quae
1145 1472 1336 1532 Angelo
1376 1471 1477 1516 Mai
1517 1485 1643 1516 anno
1694 1471 1829 1516 1831

163 1544 451 1605 publicavit,
505 1546 624 1605 quin
672 1545 734 1591 ad
779 1544 1036 1591 historiam
1087 1547 1248 1591 textus
1304 1543 1687 1606 cognoscendam
1739 1559 1837 1590 non

166 1618 325 1664 minus
366 1633 514 1679 quam
548 1617 609 1664 ad
641 1635 741 1664 rem
775 1618 995 1664 criticam
1027 1617 1302 1664 faciendam
1326 1617 1593 1678 plurimum
1625 1617 1838 1675 valeant,

164 1691 380 1738 dubitari
426 1693 608 1752 nequit.
695 1691 999 1752 Quamquam
1057 1691 1185 1737 enim
1235 1691 1319 1737 ille
1376 1690 1546 1738 Victor
1599 1690 1838 1737 nonnulla

164 1767 336 1826 sponte
376 1767 604 1823 mutavit,
644 1765 743 1811 alia
783 1765 1097 1827 neglegenter
1136 1766 1338 1824 excepit,
1379 1764 1478 1810 alia
1509 1763 1838 1810 transvolavit

166 1843 214 1884 et
252 1839 381 1885 inter
418 1838 580 1884 media
630 1839 810 1897 omisit,
858 1854 1047 1898 semper
1093 1842 1255 1884 tamen
1304 1838 1392 1883 hoc
1446 1836 1708 1883 tenendum
1749 1840 1836 1896 est,

163 1911 456 1972 ubicumque
497 1912 557 1957 ad
596 1912 799 1958 verbum
847 1911 1089 1972 conspiret
1135 1927 1245 1957 cum
1291 1907 1478 1958 ABP
1510 1910 1590 1956 vel
1630 1910 1835 1972 singulis

164 1986 243 2031 vel
280 1986 535 2044 universis,
591 1985 988 2045 antiquissimum
1028 2000 1114 2031 nos
1167 1988 1331 2030 tenere
1386 1983 1442 2030 de
1496 1986 1635 2030 textu
1688 1982 1835 2038 Quin-

163 2058 366 2105 tilianeo
404 2060 754 2105 testimonium.
819 2058 913 2113 Qui
945 2073 1204 2105 consensus
1243 2057 1356 2104 licet
1391 2057 1562 2103 fallere
1594 2058 1751 2117 possit
1789 2059 1837 2102 et

164 2132 410 2179 interdum
446 2132 603 2189 fallat,
636 2147 694 2178 ne
734 2133 786 2178 in
825 2132 1051 2178 minutiis
1093 2131 1286 2191 quidem
1320 2130 1648 2193 neglegendus
1679 2145 1836 2190 neque

167 2205 224 2251 ab
265 2221 320 2252 eo
353 2205 699 2252 discedendum
739 2208 824 2264 est,
865 2205 960 2251 nisi
986 2206 1276 2267 gravissima
1317 2206 1605 2265 argumenta
1645 2207 1835 2265 cogant.

168 2278 391 2325 Ceterum
447 2278 696 2326 occasione
751 2279 866 2325 data
923 2278 1124 2336 adnoto,
1179 2293 1302 2338 quae
1344 2292 1372 2323 a
1413 2277 1610 2323 Victore
1657 2276 1837 2324 omissa

166 2352 370 2414 singulis
411 2352 529 2399 locis
576 2354 832 2413 tamquam
879 2352 1180 2412 interpolata
1225 2353 1276 2397 in
1326 2351 1537 2397 editione
1576 2365 1685 2397 mea
1725 2365 1835 2396 0311-

166 2426 301 2471 cellis
348 2427 518 2486 saepta
559 2429 686 2484 sunt,
733 2441 830 2472 non
870 2425 977 2472 ideo
1019 2441 1093 2470 me
1133 2424 1378 2483 abiecisse,
1420 2425 1538 2484 quia
1571 2439 1599 2469 a
1637 2422 1836 2469 Victore

166 2498 481 2557 omittunturz,
521 2500 599 2545 cui
630 2500 702 2545 rei
725 2502 831 2545 tum
855 2498 1050 2545 demum
1083 2498 1251 2558 aliqua
1277 2498 1544 2544 auctoritas
1575 2496 1837 2542 tribuenda

168 2574 253 2631 est,
294 2573 336 2618 si
374 2575 533 2618 certae
575 2572 814 2632 quaedam
853 2573 1066 2618 rationes
1091 2571 1486 2632 interpolationis
1512 2570 1836 2630 suspicionem

166 2649 396 2693 moveant
434 2645 565 2691 haud
599 2646 754 2704 aliter,
794 2661 847 2692 30
889 2647 931 2692 si
969 2645 1118 2692 verba
1149 2646 1202 2690 in
1232 2644 1369 2691 libris
1409 2645 1543 2690 varie
1583 2642 1838 2690 conlocata

167 2734 264 2765 non
301 2721 504 2779 propter
540 2719 631 2765 hoc
670 2719 885 2765 delemus
926 2719 1008 2765 sed
1034 2719 1227 2775 idcirco,
1260 2719 1377 2777 quia
1408 2717 1598 2779 glossae
1623 2715 1835 2776 suspicio

167 2791 361 2839 aliunde
402 2792 620 2838 conlecta
659 2792 769 2839 sede
808 2792 1036 2839 vocabuli
1072 2793 1259 2838 incerta
1299 2793 1520 2851 augetur.

279 2863 576 2912 Cassiodorii
615 2881 738 2925 quae
778 2868 1019 2912 vocantur
1058 2867 1282 2925 excerpta
1317 2857 1495 2927 (Jneque
1528 2863 1658 2908 enim
1681 2861 1836 2922 ipsius
