2007 3120
742 83 796 127 Π.
829 87 870 136 4,
905 87 1092 127 14-25.
1710 85 1775 135 81

93 225 265 286 quaeri
303 225 429 271 solet
468 224 525 271 de
564 227 800 285 tempore,
850 223 907 269 de
955 223 1076 283 loco,
1126 240 1222 285 quo
1271 227 1410 286 gesta
1459 240 1537 271 res
1586 225 1778 285 dicitur,

93 315 464 359 nonnumquam
504 298 560 344 de
602 313 810 359 persona
852 313 1061 358 quoque,
1104 299 1230 344 sicut
1270 297 1442 346 Livius
1485 299 1777 359 frequentis-

94 375 214 420 sime
257 372 453 419 dubitat
492 374 541 418 et
582 372 668 418 alii
708 371 768 417 ab
810 371 920 418 aliis
961 372 1187 419 historici
1228 371 1538 420 dissentiunt.

202 447 322 494 Inde
376 445 623 507 paulatim
671 445 734 491 ad
787 445 977 492 maiora
1015 446 1215 492 tendere
1263 447 1483 507 incipiet,
1530 446 1777 493 laudare
1806 453 1869 498 20

48 536 66 569 5
93 521 249 569 claros
289 522 420 568 viros
461 522 510 566 et
548 520 895 580 vituperare
934 519 1190 580 inprobos:
1232 520 1362 581 quod
1402 536 1501 568 non
1541 522 1777 582 simplicis

91 595 328 642 utilitatis
369 610 491 655 opus
533 596 618 640 est.
660 609 871 654 namque
913 596 962 640 et
1008 594 1262 656 ingenium
1312 597 1563 642 exercetur
1610 595 1776 642 multi-

90 669 209 730 plici
263 669 499 729 variaque
553 669 765 715 materia
820 670 869 714 et
932 668 1124 714 animus
1187 668 1601 729 contemplatione
1656 669 1778 716 recti

89 745 329 804 pravique
371 743 626 802 formatur,
680 744 728 788 et
774 742 932 788 multa
986 742 1099 788 inde
1153 744 1370 805 cognitio
1421 760 1586 790 rerum
1641 746 1777 791 venit

91 817 438 878 exemplisque,
479 832 603 877 quae
645 818 762 863 sunt
800 817 852 862 in
893 817 1026 863 omni
1073 832 1249 879 genere
1298 832 1559 864 causarum
1605 825 1775 879 poten-

24 907 66 938 10
89 892 298 950 tissima,
338 891 436 937 iam
477 894 583 937 tum
622 890 841 949 instruit,
893 906 1002 936 cum
1042 905 1118 937 res
1159 895 1341 952 poscet,
1393 907 1610 939 usurum.
1663 893 1777 939 hinc
1803 898 1862 942 21

88 965 176 1011 illa
210 981 404 1026 quoque
439 966 725 1011 exercitatio
759 964 890 1011 subit
924 965 1420 1026 comparationis,
1460 970 1571 1013 uter
1601 967 1778 1014 melior

87 1042 259 1087 uterve
299 1040 534 1086 deterior:
578 1055 702 1100 quae
738 1054 1038 1100 quamquam
1062 1042 1290 1087 versatur
1313 1041 1365 1086 in
1389 1042 1582 1087 ratione
1609 1041 1775 1101 simili,

87 1116 255 1160 tamen
295 1116 344 1160 et
383 1113 606 1174 duplicat
644 1114 904 1160 materiam
940 1116 989 1159 et
1027 1113 1271 1160 virtutum
1311 1114 1644 1175 vitiorumque
1676 1131 1776 1162 non

86 1190 283 1235 tantum
337 1190 581 1247 naturam,
637 1188 720 1234 sed
777 1187 929 1234 etiam
982 1187 1179 1235 modum
1237 1191 1433 1236 tractat.
1490 1205 1661 1236 verum
1717 1190 1775 1237 de

21 1276 61 1307 15
88 1261 257 1309 ordine
304 1262 466 1309 laudis
515 1264 808 1323 contraque,
854 1263 1088 1322 quoniam
1136 1264 1287 1309 tertia
1334 1263 1453 1310 haec
1506 1264 1773 1312 rhetorices

87 1352 203 1397 pars
244 1339 330 1399 est,
371 1336 732 1398 praecipiemus
773 1352 860 1383 suo
899 1338 1132 1397 tempore.

199 1409 544 1458 Communes
585 1411 703 1458 loci
753 1405 834 1460 (de
881 1412 942 1458 iis
981 1411 1170 1471 loquor,
1224 1411 1404 1472 quibus
1445 1411 1569 1458 citra
1608 1428 1772 1474 perso-
1800 1421 1861 1465 22

84 1500 173 1531 nas
213 1485 265 1532 in
302 1487 412 1546 ipsa
467 1487 593 1532 vitia
640 1487 790 1531 moris
847 1488 921 1532 est
973 1501 1219 1545 perorare,
1270 1488 1325 1532 ut
1376 1487 1427 1532 in
1481 1486 1772 1547 adulterum,

86 1559 368 1620 aleatorem,
407 1553 739 1625 petulantem)
781 1575 839 1606 ex
877 1559 1051 1606 mediis
1093 1562 1209 1607 sunt
1232 1559 1430 1607 iudiciis
1464 1563 1526 1620 et,
1561 1563 1602 1607 si
1633 1578 1773 1608 reum

17 1646 60 1677 20
87 1633 288 1695 adicias,
329 1634 687 1681 accusationes:
731 1649 1031 1694 quamquam
1056 1633 1107 1679 hi
1134 1650 1327 1695 quoque
1355 1635 1414 1681 ab
1440 1634 1528 1682 illo
1554 1636 1774 1698 generali

85 1709 307 1755 tractatu
347 1708 409 1754 ad
450 1709 688 1769 quasdam
733 1707 906 1755 deduci
946 1710 1132 1769 species
1173 1709 1347 1768 solent,
1386 1712 1446 1755 ut
1485 1711 1526 1756 si
1558 1714 1773 1770 ponatur

86 1781 281 1829 adulter
336 1798 522 1838 caecus,
580 1783 770 1829 aleator
821 1798 1026 1843 pauper,
1080 1784 1310 1843 petulans
1368 1798 1524 1830 senex.
1588 1784 1772 1831 habent

84 1857 246 1903 autem
273 1872 647 1918 nonnumquam
673 1858 823 1903 etiam
850 1857 1202 1917 defensionem3
1237 1872 1349 1904 nam
1387 1860 1434 1904 et
1458 1874 1547 1918 pro
1572 1859 1769 1906 luxuria
1796 1867 1857 1911 23

83 1933 132 1978 et
169 1946 260 1992 pro
301 1946 466 1979 amore
507 1931 729 1991 dicimus,
781 1934 829 1978 et
868 1931 980 1978 leno
1035 1933 1235 1978 interim
1289 1932 1634 1994 parasitusque
1691 1934 1769 1980 de-

15 2016 57 2048 25
84 2005 302 2052 fonditur
341 2007 424 2065 sic,
462 2009 518 2052 ut
557 2021 653 2053 non
693 2005 881 2052 homini
920 2007 1300 2066 patrocinemur,
1342 2005 1425 2054 sed
1465 2007 1670 2054 crimini.

194 2079 400 2126 Thesis
442 2082 622 2139 autem,
660 2095 786 2140 quae
824 2082 1085 2127 sumuntur
1116 2095 1172 2125 ex
1196 2096 1360 2127 rerum
1385 2084 1768 2142 comparatione,
1796 2089 1858 2134 24

80 2155 137 2200 ut
171 2150 440 2201 ‘rusticane
478 2154 585 2201 vita
627 2170 690 2200 an
726 2154 916 2201 urbana
957 2151 1174 2216 potiorP'
1213 2150 1351 2201 ‘iuris
1375 2155 1525 2216 periti
1552 2172 1613 2202 an
1638 2157 1768 2203 mili-

80 2228 202 2275 taris
242 2228 338 2275 viri
361 2228 470 2275 laus
511 2224 720 2275 maior‘?'
763 2229 885 2275 mire
918 2232 1031 2275 sunt-
1072 2228 1132 2275 ad
1167 2229 1538 2277 exercitationes
1576 2231 1769 2278 dicendi

83 2302 330 2363 speciosae
372 2306 519 2363 atque
559 2302 745 2363 uberes,
787 2319 911 2364 quae
953 2303 1031 2349 vel
1073 2303 1133 2349 ad
1173 2304 1410 2350 suadendi
1437 2304 1657 2351 officium
1689 2306 1767 2352 vel

17 2385 57 2421 aa
82 2375 232 2422 etiam
257 2376 321 2422 ad
343 2377 582 2424 iudicium
608 2377 1113 2438 disceptationemque
1137 2378 1311 2425 iuvant
1335 2378 1627 2439 plurimum:
1652 2396 1768 2427 nam

82 2451 327 2511 posterior
366 2467 424 2497 ex
476 2451 743 2513 praedictis
794 2452 931 2499 locus
971 2452 1019 2498 in
1063 2467 1210 2498 causa
1249 2453 1485 2500 Murenae
1534 2453 1766 2514 copiosis-

82 2525 202 2572 sime
243 2540 272 2571 a
324 2524 554 2572 Cicerone
604 2529 861 2573 tractatur.
916 2529 1029 2573 sunt
1081 2529 1130 2573 et
1176 2527 1293 2573 illae
1333 2543 1487 2587 paene
1528 2531 1663 2575 totae
1704 2529 1767 2575 ad
1793 2536 1854 2580 25

83 2598 460 2646 deliberativum
515 2599 816 2661 pertinentes
865 2616 1017 2663 genus
1067 2596 1368 2648 ‘ducendane
1416 2617 1552 2661 uxor,
1598 2605 1764 2663 peten-

200 2789 254 2826 10
286 2784 533 2828 instruitur
558 2813 609 2817 —
637 2801 803 2829 usurus
822 2794 927 2828 Pab
1051 2792 1102 2829 17
1137 2787 1209 2829 his
1243 2795 1327 2829 AB
1447 2792 1500 2830 18
1533 2787 1637 2842 ipsa
1666 2787 1764 2830 w‘ta

78 2851 124 2886 Β
151 2843 304 2900 ipsam
335 2845 480 2887 vitam
512 2853 556 2887 P
703 2850 759 2889 28
791 2845 1168 2889 exercitationem
1201 2854 1237 2887 A
1398 2850 1452 2888 30
1485 2847 1761 2889 iudiciorum

80 2903 468 2958 disceptationem
499 2912 536 2946 A
567 2904 847 2947 iudiciorum
880 2905 1362 2961 disceptationumque
1397 2905 1490 2947 bP²

169 2985 466 3024 vaTmIAst
492 2987 548 3017 ed.
574 2987 937 3018 Radermacher.
963 2988 992 3018 I.
1472 2983 1497 3021 6
