2007 3120
193 97 261 148 38
431 92 439 98 ’
688 91 1063 146 QVINTILIANI
1091 89 1241 134 INST.
1276 88 1367 132 ΟΒ.

186 236 278 283 1130
316 235 507 281 ratione
540 231 837 290 declinandi,
882 231 964 278 sed
1009 230 1351 276 auctoritatem
1392 228 1689 275 consuetudo
1722 241 1862 288 supe-

99 310 163 357 64
185 309 328 356 ravit.
398 309 451 353 in
498 307 669 353 ceteris
718 320 842 366 quae
888 304 1121 364 poterunt
1159 304 1370 361 utroque
1409 301 1553 347 modo
1594 317 1692 348 non
1729 300 1861 347 inde·

187 382 349 429 center
400 379 584 438 efferri,
647 380 733 439 qui
787 376 1023 424 Graecam
1075 375 1285 437 figuram
1339 375 1477 434 sequi
1529 375 1703 433 malet,
1765 388 1863 420 non

187 454 367 502 Latine
407 453 618 514 quidem,
660 450 742 498 sed
783 451 906 497 citra
944 449 1369 510 reprehensionem
1399 448 1640 507 loquetur.

100 533 162 578 65
299 526 553 587 Simplices
605 539 746 572 voces
795 523 954 584 prima
1006 524 1266 583 positione,
1320 520 1371 566 id
1422 522 1495 567 est
1544 522 1722 567 natura
1772 535 1862 567 sua
1911 558 1917 565 .

187 602 429 659 constant,
469 599 768 658 compositae
802 599 887 643 aut
917 593 1362 656 praepositionibus
1394 593 1770 655 subiunguntur,
1808 595 1864 640 ut

188 668 457 721 ‘innocens’
500 666 638 736 (dum
674 687 733 717 ne
765 669 1098 732 pugnantibus
1129 669 1258 714 inter
1290 683 1339 715 se
1372 666 1574 725 duabus,
1615 666 1758 727 quale
1792 668 1865 714 est

190 741 594 808 ‘inperterritus':
636 745 826 804 alioqui
862 746 1067 804 possunt
1107 740 1371 802 aliquando
1411 739 1688 787 continuari
1725 740 1864 799 duae,

187 823 246 867 ut
291 816 663 878 ‘incompositus
709 812 1006 864 reconditus'
1061 818 1110 862 et
1160 830 1256 875 quo
1310 813 1475 861 Cicero
1525 813 1685 859 utitur
1735 808 1864 860 ‘sub-

193 887 516 957 absurdum'),
557 894 643 937 aut
682 907 706 938 e
746 890 936 937 duobus
977 890 1115 950 quasi
1157 886 1439 948 corporibus
1479 887 1771 944 coalescunt,
1811 890 1866 933 ut

105 974 168 1017 66
194 961 495 1014 ‘maleficus’.
535 981 651 1011 nam
690 979 746 1010 ex
777 963 934 1010 tribus
965 965 1162 1010 nostrae
1194 961 1364 1021 utique
1396 961 1593 1022 linguae
1625 975 1723 1006 non
1755 975 1865 1006 con-

190 1041 430 1098 cesserim,
479 1039 703 1100 quamvis
752 1032 951 1098 ecapsis'
1002 1035 1168 1082 Cicero
1217 1035 1348 1080 dicat
1397 1034 1719 1094 compositum
1763 1048 1865 1080 esse

191 1130 247 1160 ex
295 1110 433 1173 ‘cape
482 1113 522 1158 si
571 1108 680 1171 vis',
732 1114 780 1158 et
826 1110 1152 1167 inveniantur,
1205 1110 1289 1169 qui
1336 1102 1665 1167 ‘Lupercalia'
1714 1122 1867 1167 aeque

189 1187 280 1234 tris
334 1188 500 1248 partes
557 1185 793 1232 orationis
856 1199 958 1231 esse
1022 1182 1319 1229 contendant
1380 1182 1522 1242 quasi
1576 1176 1728 1226 ‘luere
1781 1196 1869 1241 per

103 1256 436 1321 6703Ρ111111’;
477 1275 590 1306 nam
626 1253 970 1305 ‘Solitaurilia’
1011 1258 1110 1302 iam
1151 1270 1436 1316 persuasum
1479 1256 1550 1301 est
1591 1269 1691 1301 esse
1727 1249 1867 1300 ‘Suo-
1916 1269 1930 1278 ’

191 1329 487 1392 vetaurilia',
538 1335 586 1378 et
626 1348 740 1380 sane
781 1332 854 1377 ita
893 1346 942 1378 se
981 1330 1130 1376 habet
1169 1344 1375 1388 sacrum,
1416 1328 1559 1389 quale
1600 1327 1729 1387 apud
1769 1326 1868 1374 Ho-

191 1423 376 1453 merum
418 1421 610 1467 quoque
653 1407 737 1452 est.
778 1405 861 1452 sed
900 1404 1021 1451 haec
1059 1419 1153 1450 non
1195 1405 1299 1448 tam
1340 1418 1395 1448 ex
1434 1401 1592 1447 tribus
1634 1416 1780 1461 quam
1813 1416 1869 1447 ex

191 1481 447 1541 particulis
494 1481 644 1525 trium
693 1480 880 1525 coeunt.
952 1479 1165 1523 ceterum
1214 1477 1360 1521 etiam
1411 1491 1466 1521 ex
1504 1475 1870 1535 praepositione

193 1557 242 1601 et
280 1553 468 1600 duobus
509 1552 760 1599 vocabulis
801 1551 916 1597 dure
956 1550 1149 1596 videtur
1188 1549 1419 1596 struxisse
1459 1548 1722 1595 Pacuvius:

395 1621 542 1672 Nerei
580 1621 1001 1686 repandirostrum
1040 1618 1474 1669 incurvicervicum
1507 1637 1668 1682 pecus.

106 1708 168 1753 68
193 1701 463 1763 iunguntur
503 1701 665 1746 autem
707 1702 792 1746 aut
825 1715 881 1743 ex
914 1697 1104 1744 duobus
1136 1696 1328 1743 Latinis
1360 1695 1566 1757 integris
1598 1698 1651 1741 ut
1685 1689 1869 1755 esuper-

193 1775 267 1820 fui
306 1768 614 1836 subterfugi’,
662 1787 959 1833 quamquam
1008 1787 1064 1816 ex
1109 1770 1315 1831 integris
1364 1785 1425 1815 an
1473 1770 1726 1829 conposita
1772 1768 1871 1815 sint

196 1849 460 1909 quaeritur,
502 1849 587 1893 aut
626 1848 819 1908 integro
860 1847 908 1891 et
947 1846 1191 1905 corrupto,
1230 1845 1286 1890 ut
1325 1838 1649 1901 ‘malevolus’,
1689 1844 1778 1888 aut
1814 1858 1870 1888 ex

196 1923 424 1982 corrupto
465 1924 513 1967 et
551 1922 758 1981 integro,
798 1922 856 1964 ut
889 1912 1231 1979 ‘noctivagus',
1273 1918 1361 1962 aut
1393 1916 1580 1963 duobus
1614 1915 1869 1975 corruptis,

196 1998 252 2042 ut
292 1989 598 2056 ‘pedisecus’,
639 1997 725 2039 aut
765 2009 820 2038 ex
860 1999 1027 2038 nostro
1069 1994 1117 2037 et
1155 1992 1424 2052 peregrino,
1465 1992 1521 2035 ut
1562 1984 1870 2048 ‘biclinium',

199 2070 285 2115 aut
323 2070 507 2128 contra,
547 2070 604 2113 ut
646 2061 953 2128 ‘epitogium’
997 2068 1044 2111 et
1085 2058 1373 2122 *Anticato’,
1422 2062 1686 2123 aliquando
1727 2066 1774 2109 et
1815 2078 1871 2108 ex

198 2141 384 2189 duobus
437 2141 730 2203 peregrinis,
784 2142 842 2186 ut
888 2133 1252 2199 ‘epiraedium’g
1306 2152 1417 2183 nam
1475 2152 1586 2183 cum
1640 2137 1704 2183 sit
1752 2132 1868 2197 ‘epi'

198 2215 496 2275 praepositio
522 2212 720 2273 Graeca,
755 2208 939 2259 ‘raeda’
973 2211 1216 2259 Gallicum
1249 2204 1431 2274 (neque
1464 2208 1675 2257 Graecus
1705 2211 1871 2255 tamen

198 2304 355 2349 neque
397 2287 567 2335 Gallus
615 2288 775 2334 utitur
822 2278 1113 2349 conposito),
1162 2285 1372 2331 Romani
1419 2299 1557 2331 suum
1606 2299 1663 2330 ex
1711 2282 1870 2330 alieno

111 2370 174 2415 69
197 2365 406 2422 utroque
444 2362 675 2408 fecerunt.
727 2361 1007 2420 frequenter
1047 2362 1213 2404 autem
1252 2357 1638 2418 praeposit-iones
1680 2372 1871 2417 quoque
1895 2372 1914 2403 3

316 2491 341 2529 8
374 2486 509 2541 Verg.
544 2487 655 2528 Aen.
689 2485 730 2527 X
764 2489 846 2527 769
880 2512 935 2516 —
969 2490 992 2527 9
1026 2483 1093 2526 De
1127 2486 1240 2526 orat.
1268 2488 1307 2534 ⁶2,
1342 2487 1410 2534 67,
1446 2487 1549 2533 274;
1583 2482 1655 2523 Ad
1679 2482 1774 2524 Att.
1803 2485 1870 2534 16,

200 2550 240 2598 3,
272 2550 298 2586 4
332 2571 386 2577 —
422 2551 473 2587 12
509 2544 633 2588 Orat..
668 2549 737 2596 45,
773 2549 856 2587 154
906 2570 960 2575 —
1003 2548 1056 2586 16
1090 2542 1172 2585 Od.
1210 2547 1277 2593 11,
1313 2547 1416 2594 131;
1450 2546 1518 2593 23,
1552 2545 1636 2583 278
1670 2566 1723 2572 -
1758 2544 1812 2582 20
1845 2555 1872 2581 v

199 2608 284 2646 408
315 2604 453 2646 Ribb.

318 2712 341 2749 2
375 2707 422 2749 in
454 2710 652 2760 utroque
684 2714 720 2746 A
863 2711 889 2748 4
923 2705 1002 2747 sed
1034 2707 1191 2747 tamen
1223 2712 1258 2745 A
1412 2707 1434 2745 7
1468 2703 1578 2745 dum
1607 2715 1873 2757 repugnan-

199 2765 326 2809 tibus
358 2774 468 2816 ABy
507 2765 740 2809 interdum
779 2763 1147 2821 repugnantibus
1189 2771 1258 2805 Pb
1379 2767 1433 2804 23
1474 2762 1556 2804 aut
1595 2774 1650 2803 ex
1688 2760 1871 2817 integro

201 2827 247 2867 et
271 2839 307 2868 c.
335 2826 441 2869 libre·
468 2830 646 2880 praeter
676 2832 712 2864 A
835 2828 890 2865 24
923 2837 975 2865 ex
1001 2822 1180 2865 duobus
1206 2822 1331 2866 Stoer
1452 2825 1507 2862 26
1540 2819 1791 2874 aliquando
1825 2822 1872 2862 et

204 2885 264 2927 H.
293 2886 471 2940 Meyer:
503 2883 683 2937 aliquid
715 2885 762 2924 et
794 2887 847 2924 Ν
886 2881 1054 2936 aliquit
1086 2883 1132 2924 et
1163 2888 1207 2923 B
1252 2879 1431 2934 aliquid
1463 2887 1498 2920 A
1531 2881 1614 2921 aut
1647 2886 1690 2920 P
1769 2928 1771 2931 Ι
