2055 3130
256 81 360 133 162
745 80 1120 133 QVINTILIANI
1149 80 1299 123 INST.
1334 79 1425 123 OR.

186 208 189 211 ’
253 236 368 268 suae
410 221 585 267 aetatis
624 219 808 266 iudicia
847 223 960 266 sunt
999 220 1258 267 consecuti.
1299 218 1526 266 adferunt
1556 219 1753 266 laudem
1777 219 1921 266 liberi

169 586 232 630 19

168 1098 231 1142 20

168 1465 229 1508 21

170 1905 231 1947 ⁸22

171 2124 232 2168 23

251 294 553 355 parentibus,
607 293 750 340 urbes
799 292 1147 352 conditoribus,
1194 292 1325 354 leges
1371 292 1626 351 latoribus,
1674 295 1802 340 artes
1848 293 1921 339 in-

252 366 550 424 ventoribus,
604 381 691 412 nec
745 381 842 412 non
895 365 1124 412 instituta
1178 381 1374 426 quoque
1429 365 1722 424 auctoribus,
1783 369 1839 412 ut
1893 381 1925 412 a

253 441 419 487 Numa
471 439 708 486 traditum
755 438 869 485 deos
918 439 1096 498 colere,
1152 454 1180 484 a
1225 438 1476 498 Poplicola
1528 439 1685 486 fasces
1738 439 1923 500 populo

254 513 571 560 summittere.
1969 529 1990 560 5

369 584 463 640 Qui
503 587 659 631 omnis
700 585 847 631 etiam
886 585 937 630 in
976 586 1337 645 vituperatione
1369 585 1486 632 ordo
1519 584 1776 644 constabit,
1814 588 1922 631 tan-

253 662 361 705 tum
385 658 435 704 in
468 658 726 705 diversum.
760 674 873 704 nam
900 661 947 704 et
971 658 1227 718 turpitudo
1253 658 1443 720 generis
1469 658 1730 719 opprobrio
1755 658 1923 704 multis

253 733 351 779 fuit
391 735 438 778 et
479 731 716 792 quosdam
757 731 955 778 claritas
995 733 1103 791 ipsa
1143 733 1358 779 notiores
1399 732 1527 778 circa
1565 731 1689 778 vitia
1729 736 1776 778 et
1799 732 1922 778 invi-

255 820 332 852 sos
380 805 538 866 magis
585 805 716 863 fecit,
765 808 811 851 et
850 806 901 850 in
943 804 1248 864 quibusdam,
1295 808 1350 851 ut
1394 807 1447 851 in
1485 805 1659 852 Paride
1696 804 1924 863 traditur,

255 881 328 925 est
365 879 620 939 praedicta
650 877 902 938 pernicies,
943 881 991 924 et
1030 878 1244 938 corporis
1285 893 1341 925 ac
1374 880 1598 924 fortunae
1632 877 1925 939 quibusdam
1950 895 1992 925 10

255 951 388 998 mala
429 955 777 1012 contemptum,
833 952 957 998 sicut
997 951 1251 998 Thersitae
1300 955 1444 1012 atque
1482 952 1577 1009 Iro,
1634 951 1925 1012 quibusdam

254 1025 385 1071 bona
422 1024 558 1071 vitiis
599 1028 827 1085 corrupta
867 1024 1033 1071 odium
1073 1025 1356 1083 attulerunt,
1397 1029 1451 1071 ut
1490 1025 1641 1071 Nirea
1663 1024 1925 1082 imbellem,

255 1098 553 1145 Plisthenem
592 1098 895 1158 impudicum
950 1113 978 1143 a
1032 1100 1188 1158 poetis
1240 1100 1528 1158 accepimus.
1577 1101 1624 1145 et
1664 1099 1816 1145 animi
1852 1101 1924 1144 to-

253 1171 408 1218 tidem
447 1173 569 1218 vitia
611 1175 731 1232 quot
769 1172 977 1219 virtutes
1016 1175 1142 1229 sunt,
1181 1187 1268 1218 nec
1307 1173 1467 1218 minus
1509 1187 1655 1232 quam
1687 1173 1739 1218 in
1769 1171 1925 1218 laudi·

254 1244 344 1291 bus
385 1244 569 1305 duplici
618 1246 808 1291 ratione
854 1248 1144 1291 tractantur.
1202 1254 1249 1291 et
1301 1248 1412 1306 post
1465 1248 1672 1291 mortem
1733 1245 1924 1291 adiecta
1950 1262 1992 1293 15

257 1318 550 1379 quibusdam
603 1319 872 1380 ignominia
919 1321 1005 1376 est,
1055 1322 1109 1364 ut
1163 1318 1357 1377 Maelio,
1413 1319 1549 1364 cuius
1604 1317 1774 1365 domus
1821 1318 1923 1364 solo

259 1395 486 1452 aequata,
526 1392 790 1452 Marcoque
830 1392 1030 1449 Manlio,
1072 1393 1209 1437 cuius
1249 1407 1544 1452 praenomen
1584 1407 1607 1438 e
1648 1391 1838 1438 familia
1875 1392 1927 1437 in

255 1468 505 1526 posterum
547 1469 788 1511 exemtum
836 1468 921 1511 est.
971 1469 1018 1511 et
1063 1469 1288 1525 parentes
1336 1465 1577 1511 malorum
1624 1465 1838 1511 odimus:
1880 1468 1928 1510 et

256 1542 330 1585 est
369 1538 699 1585 conditoribus
737 1537 933 1584 urbium
971 1537 1154 1584 infame
1188 1539 1483 1585 contraxisse
1517 1538 1735 1599 aliquam
1766 1539 1926 1599 perni-

257 1614 438 1658 ciosam
478 1613 649 1658 ceteris
689 1615 898 1674 gentem,
947 1611 1107 1672 qualis
1148 1616 1219 1658 est
1257 1612 1444 1672 primus
1488 1611 1716 1658 Iudaicae
1763 1627 1927 1672 super·
1953 1629 1995 1660 20

256 1686 470 1732 stitionis
511 1689 701 1732 auctor:
742 1689 790 1732 et
830 1684 1159 1732 Gracchorum
1197 1686 1329 1746 leges
1369 1685 1575 1732 invisae:
1630 1688 1678 1732 et
1717 1686 1759 1732 si
1798 1684 1929 1746 quod

257 1762 329 1805 est
376 1759 650 1819 exemplum
697 1758 910 1805 deforme
956 1760 1164 1819 posteris
1210 1759 1462 1817 traditum,
1519 1759 1660 1819 quale
1708 1758 1928 1805 libidinis

259 1833 335 1878 vir
359 1832 528 1879 Perses
562 1834 613 1878 in
637 1832 841 1879 muliere
868 1831 1034 1878 Samia
1066 1833 1321 1879 instituere
1348 1848 1491 1879 ausus
1517 1832 1695 1878 dicitur
1725 1832 1926 1893 primus.

257 1905 339 1953 sed
378 1907 428 1951 in
484 1905 762 1952 viventibus
811 1921 1000 1966 quoque
1055 1905 1237 1952 iudicia
1291 1906 1542 1952 hominum
1596 1906 1732 1952 velut
1784 1921 1926 1968 argu-

257 1982 422 2025 menta
462 1983 574 2026 sunt
613 1995 817 2038 morum,
872 1983 918 2026 et
957 1980 1110 2025 honos
1162 1983 1247 2026 aut
1292 1979 1565 2042 ignominia
1612 1995 1779 2026 veram
1825 1994 1927 2025 esse
1953 1996 1994 2027 25

258 2052 455 2098 laudem
493 2053 572 2099 vel
610 2053 1023 2113 vituperationem
1061 2053 1250 2112 probat.

367 2125 607 2173 Interesse
645 2130 811 2172 tamen
851 2126 1139 2173 Aristoteles
1178 2130 1336 2186 putat,
1382 2127 1467 2173 ubi
1507 2125 1722 2187 quidque
1761 2126 1927 2172 laude-

257 2201 340 2245 tur
371 2202 458 2245 aut
497 2199 814 2260 vituperetur.
855 2215 970 2245 nam
1001 2199 1271 2259 plurimum
1303 2200 1451 2246 refert
1484 2201 1568 2260 qui
1599 2201 1697 2246 sint
1731 2199 1927 2245 audien-

258 2273 385 2318 tium
410 2288 583 2330 mores,
626 2288 751 2333 quae
776 2273 972 2333 publice
997 2276 1192 2334 recepta
1217 2274 1481 2333 persuasio,
1513 2276 1568 2319 ut
1591 2273 1681 2319 illa
1703 2274 1927 2330 maxime,

260 2360 384 2405 quae
424 2345 650 2407 probant,
691 2361 793 2393 esse
832 2346 884 2392 in
923 2362 994 2404 eo,
1035 2346 1119 2407 qui
1157 2346 1458 2406 laudabitur,
1498 2346 1712 2405 credant,
1753 2349 1839 2394 aut
1876 2347 1928 2392 in
1953 2362 1995 2393 30
2041 2358 2055 2408 ζ

2039 2440 2055 2495 ⁴1

2041 2502 2045 2553 l

377 2534 429 2571 27
465 2528 599 2572 Rhet.
634 2534 672 2582 1,
709 2533 731 2571 9

379 2694 402 2732 3
435 2691 505 2733 uti
522 2699 558 2731 A
680 2695 705 2732 4
737 2690 979 2733 Publicola
1003 2699 1086 2732 ΑΡ
1106 2690 1348 2746 Puplicola
1372 2699 1399 2732 b
1521 2695 1545 2732 9
1578 2690 1803 2733 traditum
1827 2698 1926 2744 AP3

259 2749 483 2791 traditum
515 2752 598 2801 est,
640 2749 880 2804 praedicta
912 2751 1240 2806 interpunyunt
1389 2754 1442 2792 10
1475 2749 1547 2806 ac]
1580 2751 1626 2792 et
1658 2757 1702 2791 P
1729 2750 1868 2803 atque
1900 2757 1928 2790 b

380 2813 431 2850 11
468 2810 607 2862 atque
638 2808 709 2851 110
747 2807 952 2852 Obrecht:
985 2810 1033 2851 at
1056 2822 1165 2850 uero
1191 2816 1277 2850 BP
1298 2807 1560 2862 adquisiere
1586 2825 1618 2849 a
1739 2812 1792 2851 13
1827 2807 1928 2850 ani-

259 2879 334 2908 mo
366 2875 403 2908 A
525 2871 579 2908 24
613 2867 693 2909 sed
724 2866 792 2924 in]
825 2867 905 2910 sed
938 2875 977 2908 T
