2007 3120
181 88 249 140 28
680 88 1054 140 QVINTILIANI
1082 89 1232 133 msr.
1266 89 1360 134 OR.

123 227 152 270 5
293 226 459 273 Prima
489 226 849 274 barbarismi
881 243 937 274 30
968 228 1309 276 soloecismi
1339 228 1548 275 foeditas
1582 228 1724 276 absit.
1771 229 1856 277 sed

180 301 299 360 quia
346 299 545 346 interim
592 302 884 347 excusantur
928 301 1048 348 haec
1094 301 1219 348 vitia
1258 304 1344 348 aut
1383 302 1730 349 consuetudine
1771 306 1857 350 aut

182 372 475 419 auctoritate
524 376 610 420 aut
655 376 901 421 vetustate
949 378 1036 420 aut
1074 374 1281 435 denique
1321 374 1575 422 vicinitate
1613 377 1856 423 virtutum

181 440 320 509 (nam
372 461 515 506 saepe
566 462 595 492 a
645 446 815 509 figuris
863 463 920 492 ea
967 463 1192 508 separare
1241 446 1439 494 difficile
1488 442 1607 513 est):
1659 465 1719 495 ne
1760 464 1857 509 qua.

180 523 284 565 tam
322 519 510 565 lubrica
551 519 826 567 observatio
858 520 1016 578 fallat,
1056 520 1234 567 acriter
1266 535 1314 567 se
1346 521 1398 566 in
1428 521 1554 567 illud
1582 523 1728 568 tenue
1761 522 1857 569 dis·
1903 537 1923 570 5

181 592 362 639 crimen
402 594 754 654 grammaticus
792 593 1032 652 intendat,
1072 593 1130 640 de
1164 609 1259 654 quo
1292 608 1379 640 nos
1411 594 1561 641 latius
1591 594 1661 640 ibi
1692 595 1857 655 loque-

123 664 153 708 6
180 681 304 723 mur,
356 664 442 711 ubi
496 665 554 712 de
606 665 777 729 figuris
833 666 1068 713 orationis
1122 666 1435 713 tractandum
1485 668 1591 714 erit.
1658 669 1859 714 interim

180 739 371 796 vitium,
413 739 540 798 quod
579 739 635 785 fit
672 740 725 785 in
757 739 963 801 singulis
996 739 1172 798 verbis,
1213 740 1278 786 sit
1307 739 1654 787 barbarismus.
1694 756 1858 788 occur-

181 814 259 857 rat
305 811 428 857 mihi
474 812 639 858 forsan
690 813 891 872 aliquis:
954 812 1072 873 quid
1116 812 1196 859 hic
1241 814 1480 873 promisso
1527 815 1658 860 tanti
1697 815 1857 875 operis

182 882 418 945 dignum?
460 887 547 932 aut
587 885 694 945 quis
733 885 824 933 hoc
863 886 1033 945 nescit,
1074 887 1197 933 alios
1236 886 1563 934 barbarismos
1603 887 1857 935 scribendo
1883 904 1925 936 ιο

182 957 309 1016 fieri,
365 958 486 1005 alios
544 959 790 1019 loquendo
863 953 1003 1023 (quia
1061 959 1191 1020 quod
1250 960 1377 1007 male
1429 960 1678 1019 scribitur,
1729 960 1858 1008 male

184 1033 333 1077 etiam
372 1031 470 1086 dici
507 1047 700 1079 necesse
741 1034 828 1092 est,
871 1048 994 1093 quae
1032 1034 1209 1080 vitiose
1250 1033 1442 1093 dixeris,
1481 1049 1577 1081 non
1609 1034 1779 1094 utique
1812 1036 1860 1080 et

184 1104 365 1164 scripto
421 1099 685 1169 peccant)‘?
745 1106 871 1152 illud
926 1105 1060 1166 prius
1113 1106 1384 1154 adiectione
1435 1107 1734 1154 detractione
1786 1109 1858 1153 in-

182 1180 457 1224 mutatione
508 1181 936 1240 transmutatione,
990 1179 1081 1226 hoc
1131 1180 1396 1228 secundum
1445 1180 1684 1227 divisione
1731 1196 1859 1228 com-

129 1252 151 1295 7
182 1251 406 1312 plexione
454 1253 613 1311 spatio
663 1267 781 1299 sono
829 1251 1100 1299 contineri?
1170 1253 1254 1300 sed
1300 1255 1357 1300 ut
1393 1269 1547 1314 parva
1588 1255 1687 1301 sint
1724 1254 1859 1314 haec,
1885 1269 1926 1300 1⁵
1984 1301 1989 1310 Α,

182 1326 323 1384 pueri
362 1324 597 1372 docentur
636 1326 793 1372 adhuc
834 1329 881 1372 et
920 1327 1265 1388 grammaticos
1299 1326 1451 1374 officii
1481 1328 1556 1374 sui
1589 1342 1859 1374 commone·
1988 1317 1989 1323 ἵ

182 1413 302 1446 mus.
345 1413 402 1444 ex
444 1398 619 1459 quibus
660 1401 702 1446 si
742 1401 849 1459 quis
890 1401 983 1445 erit
1021 1400 1166 1459 plane
1205 1400 1443 1461 inpolitus
1484 1403 1533 1447 et
1564 1401 1860 1447 vestibulum

182 1470 324 1518 modo
367 1473 488 1518 artis
526 1472 672 1520 huius
712 1473 973 1536 ingressus,
1011 1475 1142 1519 intra
1180 1473 1314 1532 haec,
1363 1489 1485 1533 quae
1525 1473 1862 1534 profitentium

184 1545 598 1592 commentariolis
651 1546 856 1607 vulgata
912 1549 1046 1605 sunt,
1102 1548 1358 1606 consistet,
1413 1546 1653 1594 doctiores
1703 1547 1862 1594 multa

184 1618 418 1678 adicient,
472 1619 550 1664 vel
604 1619 694 1666 hoc
748 1621 982 1679 primum,
1039 1619 1167 1679 quod
1222 1619 1580 1667 barbarismum
1634 1619 1860 1681 pluribus
1886 1637 1930 1667 20

125 1691 154 1735 8
182 1691 338 1738 modis
393 1692 670 1752 accipimus.
741 1709 892 1738 unum
939 1697 1097 1756 gente,
1149 1693 1291 1754 quale
1330 1695 1408 1753 sit,
1455 1694 1497 1740 si
1536 1694 1644 1754 quis
1683 1694 1860 1740 Afrum

188 1765 261 1810 vel
299 1764 577 1825 Hispanum
608 1765 816 1813 Latinae
858 1767 1068 1813 orationi
1107 1782 1285 1813 nomen
1323 1768 1528 1814 inserat:
1567 1769 1625 1813 ut
1664 1767 1861 1826 ferrum,

186 1854 279 1897 quo
330 1841 467 1885 rotae
513 1840 817 1898 vinciuntur,
869 1839 967 1886 dici
1013 1840 1135 1886 solet
1184 1836 1409 1900 ‘cantus',
1461 1856 1758 1901 quamquam
1805 1855 1860 1888 eo

182 1915 437 1972 tamquam
469 1915 665 1973 recepto
697 1913 856 1959 utitur
887 1913 1096 1972 Persius,
1136 1915 1262 1960 sicut
1295 1912 1518 1960 Catullus
1561 1909 1858 1974 ‘ploxenum'

185 1983 312 2030 circa
362 1985 551 2032 Padum
603 1986 813 2045 invenit,
870 1989 920 2032 et
968 1986 1019 2032 in
1071 1987 1290 2033 oratione
1339 1985 1547 2033 Labieni
1598 1980 1724 2052 (sive
1773 1987 1860 2033 illa
1886 2002 1928 2033 25

186 2056 381 2104 Corneli
436 2057 566 2106 Galli
629 2053 723 2123 est)
786 2061 838 2105 in
892 2060 1162 2106 Pollionem
1220 2056 1451 2107 ‘casamo'
1507 2060 1783 2108 adsectator
1836 2076 1860 2107 e

187 2130 350 2178 Gallia
397 2132 596 2179 ductum
644 2135 737 2179 est:
799 2149 914 2178 nam
956 2129 1303 2193 ‘mastrucam',
1357 2134 1485 2194 quod
1527 2136 1600 2180 est
1639 2132 1860 2196 Sardum,

127 2204 156 2248 9
185 2205 402 2251 inridens
445 2204 611 2253 Cicero
661 2222 718 2252 ex
757 2206 1001 2253 industria
1041 2206 1178 2253 dixit.
1248 2207 1458 2253 alterum
1497 2222 1647 2268 genus
1686 2207 1860 2254 barba-

184 2279 323 2325 rismi
364 2280 643 2340 accipimus,
691 2279 822 2340 quod
859 2279 916 2326 fit
956 2281 1109 2326 animi
1147 2283 1340 2340 natura,
1386 2283 1443 2327 ut
1480 2282 1537 2340 is,
1583 2296 1613 2326 a
1653 2296 1748 2341 quo
1787 2281 1860 2327 in-

187 2351 399 2398 solenter
461 2353 581 2413 quid
637 2356 723 2400 aut
777 2353 1033 2400 minaciter
1087 2357 1175 2400 aut
1227 2353 1488 2400 crudeliter
1541 2353 1726 2401 dictum
1781 2355 1860 2413 sit,
1886 2368 1928 2400 30

304 2525 359 2562 24
391 2521 512 2564 Pers.
548 2527 588 2573 ὁ,
624 2526 674 2564 71
711 2547 763 2553 —
799 2521 895 2564 Cat.
930 2525 998 2573 97,
1027 2526 1050 2564 6
1085 2548 1138 2553 -
1174 2526 1229 2565 28
1263 2536 1325 2565 or.
1358 2537 1401 2578 p.
1430 2521 1599 2565 Scauro
1633 2525 1687 2563 20
1721 2523 1793 2577 (45
1812 2521 1859 2578 d)

306 2672 330 2709 9
378 2668 631 2722 promissor
677 2676 788 2710 &MS
834 2670 885 2722 cf
922 2669 1096 2712 Horati
1143 2670 1255 2713 artis
1301 2683 1326 2712 v
1362 2671 1454 2711 138
1604 2672 1657 2710 15
1708 2668 1860 2723 spatio

191 2726 428 2769 claussen:
477 2741 546 2769 om
577 2727 638 2768 Al
670 2727 952 2782 aspiratione
984 2727 1134 2770 ΑΞΒΡ
1265 2731 1320 2770 20
1351 2726 1600 2770 barbarum
1629 2734 1675 2769 B
1696 2727 1864 2782 probat

190 2814 407 2858 Claussen
505 2819 559 2856 26
593 2815 766 2857 casami
792 2813 1035 2857 affectator
1057 2823 1126 2856 Ab
1150 2800 1387 2858 cagamum
1411 2798 1679 2858 affectatiiiln
1704 2813 1767 2856 ΡΞ
1777 2829 1861 2872 my,

188 2886 257 2915 om
290 2873 353 2914 P1
474 2877 528 2916 28
561 2873 748 2916 barbari
779 2881 824 2915 B
847 2875 1013 2928 probat
1046 2874 1261 2918 Claussen
1381 2878 1434 2916 29
1467 2873 1552 2916 fiat
1581 2880 1626 2916 B
