2007 3120
90 905 132 935 10

89 1275 130 1306 15

87 1645 130 1677 20

90 2017 131 2048 25

89 2389 133 2420 30

718 81 775 124 Π.
809 85 849 134 7,
883 85 1011 123 2—5.
1046 84 1086 133 s,
1120 84 1280 123 1—11.
1773 80 1839 131 91

156 225 215 269 ut
270 221 310 269 si
359 221 467 283 quis
521 222 800 283 palaestrae
854 221 1058 282 peritus,
1115 234 1224 266 cum
1278 221 1331 265 in
1387 219 1591 280 aliquod
1643 219 1843 279 plenum

156 298 321 357 pueris
376 297 690 359 gymnasium
736 296 948 354 venerit,
1003 296 1230 355 expertus
1286 309 1456 340 eorum
1510 294 1644 339 omni
1698 293 1842 339 modo

158 385 333 431 corpus
375 371 693 429 animumque
734 368 994 427 discernat,
1035 369 1114 414 6111
1155 367 1362 428 quisque
1404 367 1663 414 certamini
1702 383 1842 428 prae-

156 443 405 506 parandus
447 443 527 502 sit,
567 443 639 489 ita
679 445 1049 525 praecept-orem
1089 442 1415 502 eloquentiae,
1457 457 1568 488 cum
1599 442 1846 504 sagaciter
1900 447 1930 491 4

158 518 308 564 fuerit
360 518 595 576 intuitus,
644 518 783 564 cuius
831 517 1085 578 ingenium
1132 530 1298 577 presso
1349 515 1622 576 limatoque
1669 530 1844 576 genere

158 591 366 650 dicendi,
414 593 551 638 cuius
601 592 717 649 acri,
765 592 922 653 gravi,
979 589 1124 649 (111161,
1180 605 1370 651 aspero,
1424 589 1602 650 nitido,
1655 588 1843 636 urbano

155 667 368 712 maxime
408 665 636 728 gaudeat,
676 665 750 712 ita
789 680 839 712 se
880 663 1306 712 commodaturum
1346 663 1568 726 singulis,
1601 665 1659 709 ut
1696 664 1748 709 in
1774 678 1845 722 eo,

157 755 254 800 quo
295 740 500 800 quisque
542 740 740 798 eminet,
778 739 1096 800 provehatur,
1139 738 1270 798 quod
1310 740 1359 784 et
1399 737 1571 784 adiuta
1611 752 1726 784 cura
1759 752 1844 783 na-

155 816 271 861 tura
308 813 468 875 magis
509 813 756 861 evalescat
795 815 858 873 et,
898 814 984 873 qui
1022 813 1074 858 in
1115 812 1308 859 diversa
1341 811 1563 871 ducatur,
1602 827 1759 873 neque
1792 812 1845 857 111

157 888 234 947 115,
274 887 450 949 quibus
489 888 652 934 minus
693 889 841 948 aptus
882 890 971 946 est,
1019 887 1140 934 satis
1173 887 1331 948 possit-
1372 885 1561 933 efficere
1602 888 1651 932 et
1690 902 1761 946 ea,
1793 886 1845 931 in

157 977 282 1022 quae
321 963 467 1008 natus
501 961 712 1021 videtur,
753 961 1018 1009 deserendo
1050 962 1205 1008 faciat
1236 959 1524 1007 infirmiora.
1567 959 1698 1021 quod
1721 960 1847 1006 mihi
1904 965 1933 1008 6

155 1031 335 1100 (libera
391 1037 523 1083 enim
576 1036 656 1083 vel
711 1039 882 1082 contra
929 1037 1152 1096 receptas
1207 1034 1548 1095 persuasiones
1601 1034 1846 1081 rationem

154 1109 380 1170 sequenti
419 1110 665 1157 sententia
704 1103 800 1174 est)
841 1109 894 1156 in
931 1112 1075 1171 parte
1113 1125 1284 1156 verum
1325 1108 1539 1155 videtur:
1579 1124 1695 1155 nam
1733 1124 1847 1169 pro-

153 1185 393 1245 prietates
432 1184 744 1248 ingeniorum
786 1183 1024 1244 dispicere
1063 1199 1263 1244 prorsus
1296 1182 1626 1230 necessarium
1667 1185 1753 1229 est.
1794 1184 1847 1228 in
1910 1188 1931 1231 7

154 1258 231 1306 his
264 1274 458 1320 quoque
491 1261 679 1305 certum
711 1258 989 1306 studiorum
1021 1258 1181 1305 facere
1214 1258 1450 1304 dilectum
1481 1273 1624 1304 nemo
1658 1256 1846 1304 dissua-

155 1332 286 1380 serit.
327 1349 540 1394 namque
574 1335 669 1380 erit
701 1334 827 1380 alius
853 1332 1088 1379 historiae
1113 1332 1272 1395 magis
1304 1331 1523 1391 idoneus,
1557 1332 1683 1378 alius
1718 1347 1846 1378 com-

153 1408 345 1468 positus
386 1407 448 1454 ad
489 1423 699 1469 carmen,
750 1407 878 1454 alius
925 1407 1064 1454 utilis
1112 1406 1275 1455 studio
1322 1405 1468 1465 iuris,
1514 1408 1571 1452 ut
1621 1406 1847 1453 nonnulli

153 1496 237 1527 rus
276 1482 485 1529 fortasse
524 1481 771 1528 mittendi.
812 1482 882 1530 516
922 1481 1165 1528 discernet
1196 1481 1317 1528 haec
1364 1480 1561 1528 dicendi
1591 1482 1845 1542 magister,

156 1555 401 1616 quomodo
456 1557 782 1617 palaestricus
835 1557 922 1603 ille
976 1571 1223 1603 cursorem
1277 1555 1429 1602 faciet
1484 1556 1571 1602 aut
1623 1555 1846 1616 pugilem

156 1632 245 1676 aut
282 1630 575 1678 luctatorem
624 1630 820 1677 aliudve
869 1630 988 1691 quid
1036 1645 1092 1675 ex
1130 1631 1208 1689 115,
1262 1645 1387 1690 quae
1435 1632 1550 1676 sunt
1597 1643 1849 1676 sacrorum

155 1705 492 1750 certaminum.
533 1721 705 1752 verum
745 1705 804 1764 61,
846 1704 929 1765 qui
968 1704 1074 1751 foro
1109 1703 1451 1763 destinabitur,
1491 1718 1590 1750 non
1622 1703 1674 1749 in
1698 1719 1849 1749 unam
1904 1710 1932 1753 S

153 1780 349 1839 partem
398 1779 633 1840 aliquam,
685 1779 770 1826 56(1
816 1779 868 1825 111
924 1779 1103 1838 01111113,
1160 1794 1286 1839 quae
1341 1781 1456 1825 sunt
1511 1778 1614 1824 eius
1671 1778 1847 1839 operis,

155 1853 307 1899 etiam
347 1853 388 1900 si
428 1869 527 1914 qua
569 1853 848 1901 difficiliora
888 1853 1096 1900 discenti
1134 1852 1447 1912 videbuntur,
1495 1852 1849 1899 elaborandum

156 1928 251 1985 est3
291 1943 407 1974 nam
447 1930 497 1974 et
536 1928 734 1975 omnino
775 1942 1082 1989 supervacua
1130 1937 1236 1974 erat
1287 1927 1531 1986 doctrina,
1581 1928 1622 1972 si
1667 1929 1849 1973 natura

157 2000 415 2048 sufficeret.
458 2018 521 2048 311
570 2003 612 2048 51
661 2003 770 2062 quis
824 2003 1024 2065 ingenio
1074 2004 1336 2062 corruptus
1393 2016 1449 2047 36
1502 2000 1737 2060 tumidus,
1792 2002 1850 2047 ut
1906 2008 1935 2050 9

155 2075 379 2137 plerique
421 2080 549 2136 sunt,
589 2077 832 2137 inciderit,
872 2078 925 2123 in
956 2077 1049 2123 hoc
1082 2093 1192 2122 eum
1222 2077 1295 2122 ire
1328 2073 1612 2136 patiemur?
1654 2074 1849 2122 aridum

157 2152 307 2210 atque
346 2151 568 2197 ieiunum
613 2167 713 2197 non
762 2151 947 2198 alemus
1004 2154 1053 2197 et
1107 2151 1251 2212 quasi
1296 2148 1596 2197 vestiemus?
1642 2166 1758 2196 nam
1807 2151 1849 2195 si

158 2224 401 2285 quaedam
443 2225 700 2272 detrahere
742 2226 1073 2272 necessarium
1121 2227 1215 2285 est,
1264 2240 1350 2272 cur
1395 2240 1494 2271 non
1542 2225 1609 2271 sit
1658 2223 1848 2271 adicere

158 2297 477 2345 concessum?
524 2316 681 2360 neque
723 2315 813 2361 ego
854 2302 1026 2347 contra
1064 2302 1298 2346 naturam
1335 2314 1524 2361 pugno:
1570 2314 1667 2345 non
1718 2298 1849 2344 enim
1876 2305 1938 2348 10

159 2372 478 2419 deserendum
524 2374 576 2419 id
623 2374 826 2434 bonum,
876 2375 919 2421 si
966 2374 1095 2435 quod
1143 2374 1421 2436 ingenitum
1469 2375 1558 2433 est,
1607 2374 1849 2431 existimo,

158 2446 242 2493 sed
284 2447 562 2510 augendum
602 2448 977 2509 addendumque
1018 2447 1149 2509 quod
1189 2450 1358 2495 cessat.
1401 2463 1464 2493 an
1488 2464 1604 2494 vero
1638 2447 1848 2494 clarissi-
1876 2453 1934 2496 11

157 2537 265 2568 mus
305 2521 390 2568 1116
429 2525 723 2583 praeceptor
761 2522 1019 2581 Isocrates,
1061 2539 1206 2583 quem
1244 2539 1341 2569 non
1381 2521 1540 2585 magis
1580 2521 1695 2568 libri
1726 2522 1848 2567 bene

158 2595 339 2643 dixisse
391 2613 541 2657 quam
593 2597 826 2658 discipuli
871 2597 994 2643 bene
1043 2597 1265 2644 docuisse
1310 2598 1579 2655 testantur,
1628 2612 1736 2643 cum
1790 2594 1848 2641 de

160 2669 361 2730 Ephoro
402 2672 551 2731 atque
605 2671 924 2733 Theopompo
973 2671 1041 2718 sic
1092 2672 1350 2733 iudicaret,
1402 2673 1458 2716 ut
1499 2670 1643 2717 alteri
1683 2670 1849 2727 frenis,

1902 669 1929 712 Q(

279 2847 306 2884 4
337 2845 615 2898 praeceptor
645 2851 683 2884 Α
806 2847 830 2884 9
865 2844 923 2894 et,
958 2842 1053 2899 qui]
1092 2842 1181 2885 etsi
1214 2841 1276 2884 Ρ2
1416 2845 1468 2884 10
1502 2847 1542 2884 et
1575 2845 1630 2883 20
1662 2840 1734 2882 his
1768 2847 1852 2881 AB

281 2906 334 2943 15
361 2901 593 2945 delectum
624 2910 708 2944 ΛΡ
827 2906 882 2944 30
916 2902 1221 2945 deterendum
1251 2901 1312 2943 ΑΞ
