2055 3130
253 58 358 111 166
742 59 1116 113 QV1NT1L1AN1
1146 61 1297 105 INST.
1331 60 1423 105 oa.

247 195 391 245 initio
443 197 722 245 debebimus
777 213 879 246 esse
932 202 1163 248 contenti.
1223 201 1556 247 narrationem
1613 216 1728 248 vero
1778 218 1918 247 num-

251 286 396 331 quam
438 272 590 333 exigit
627 272 825 331 privata
864 272 1166 333 deliberatio,
1206 274 1308 321 eius
1340 273 1595 320 dumtaxat
1625 274 1710 333 rei,
1736 273 1793 320 de
1820 290 1918 335 qua

250 343 453 390 dicenda
492 347 735 391 sententia
776 347 863 404 est,
904 348 1020 407 quia
1057 362 1198 394 nemo
1237 346 1434 408 ignorat
1472 346 1537 404 id,
1578 347 1635 393 de
1676 362 1772 408 quo
1805 363 1916 394 con-

162 416 221 461 11
249 417 381 463 sulit.
437 418 734 465 extrinsecus
788 422 995 479 possunt
1047 420 1345 480 pertinentia
1401 419 1462 465 ad
1517 419 1918 467 deliberationem

247 491 404 536 multa
442 493 646 537 narrari.
687 492 739 538 in
779 492 1084 539 contionibus
1125 508 1268 554 saepe
1315 495 1388 539 est
1435 494 1585 539 etiam
1630 493 1740 551 illa,
1792 509 1915 554 quae

162 562 222 606 12
249 563 467 610 ordinem
505 563 577 609 rei
616 564 776 623 docet,
824 567 1108 613 necessaria.
1166 567 1383 613 adfectus
1433 568 1488 612 ut
1536 582 1660 626 quae
1706 568 1917 613 maxime

246 636 488 696 postulat:
539 653 653 683 nam
693 640 742 684 et
793 639 1082 685 concitanda
1136 643 1183 686 et
1237 639 1463 686 lenienda
1516 639 1797 700 frequenter
1846 642 1919 687 est

247 709 336 768 ira,
392 712 442 756 et
501 710 563 756 ad
622 715 824 770 metum,
886 712 1221 772 cupiditatem,
1284 712 1463 771 odium,
1526 713 1919 760 conciliationem

248 783 516 843 inpellendi
564 785 728 830 animi,
776 800 1146 846 nonnumquam
1186 788 1335 832 etiam
1374 785 1614 833 movenda
1651 787 1918 845 miseratio,

248 856 365 914 sive,
404 858 462 902 ut
494 857 737 904 auxilium
778 857 982 906 obsessis
1023 860 1223 919 feratur,
1264 859 1466 906 suadere
1507 859 1766 920 oportebit,
1815 861 1916 906 sive

247 930 408 976 sociae
447 931 664 978 civitatis
705 933 1003 978 eversionem
1043 932 1338 980 deflebimus.
1379 933 1511 979 valet
1543 936 1704 979 autem
1729 935 1782 979 in
1807 948 1917 980 con-

160 1002 220 1046 13
248 1003 372 1049 siliis
429 1006 693 1051 auctorit-as
754 1005 1037 1065 plurimum.
1092 1022 1208 1052 nam
1258 1010 1306 1053 et
1358 1007 1768 1066 prudentissimus
1816 1021 1918 1053 esse

247 1075 513 1137 haberique
554 1081 602 1124 et
641 1080 855 1138 optimus
895 1078 1051 1137 debet,
1100 1080 1185 1140 qui
1223 1082 1490 1126 sententiae
1531 1095 1646 1126 suae
1687 1080 1745 1126 de
1784 1080 1919 1126 utili-

246 1147 336 1195 bus
378 1153 523 1210 atque
563 1151 779 1199 honestis
820 1152 1011 1199 credere
1051 1168 1217 1199 omnes
1257 1153 1391 1200 velit.
1442 1155 1494 1199 in
1544 1153 1738 1200 iudiciis
1787 1154 1916 1199 enim

247 1223 398 1284 vulgo
438 1224 512 1271 fas
552 1223 761 1271 habetur
798 1226 1052 1287 indulgere
1106 1226 1294 1286 aliquid
1347 1226 1508 1274 studio
1556 1241 1665 1273 suo:
1712 1227 1918 1273 consilia

247 1311 390 1344 nemo
431 1301 505 1344 est
545 1300 630 1358 qui
668 1301 814 1360 neget
854 1299 1118 1346 secundum
1158 1315 1315 1347 mores
1356 1300 1475 1346 dari.

161 1369 221 1413 14
360 1369 655 1418 Graecorum
696 1372 894 1432 quidem
933 1373 1135 1434 plurimi
1174 1389 1314 1420 omne
1353 1374 1444 1420 hoc
1484 1373 1703 1420 officium
1735 1374 1918 1420 contio·

246 1442 357 1489 nale
399 1459 500 1491 esse
554 1445 899 1492 iudicaverunt
957 1448 1006 1493 et
1050 1448 1103 1492 in
1150 1446 1254 1494 sola
1306 1447 1378 1493 rei
1431 1447 1656 1507 publicae
1712 1446 1918 1493 admini-

247 1518 486 1564 stratione
525 1522 814 1578 posuerunt,
856 1519 974 1580 quin
1013 1522 1062 1566 et
1103 1518 1269 1567 Cicero
1308 1522 1360 1566 in
1399 1521 1490 1567 hac
1528 1521 1738 1567 maxime
1776 1522 1919 1580 parte

246 1592 482 1637 versatur.
522 1591 730 1652 ideoque
770 1592 984 1640 suasuris
1025 1593 1083 1639 de
1114 1609 1249 1653 pace,
1289 1593 1430 1651 bello,
1472 1594 1638 1654 copiis,
1678 1593 1919 1654 operibus,

246 1663 569 1726 vectigalibus
612 1665 732 1712 haec
787 1665 881 1712 duo
937 1681 1037 1713 esse
1091 1670 1352 1728 praecipue
1399 1670 1517 1714 nota
1563 1667 1743 1727 voluit,
1790 1668 1919 1714 vires

248 1738 465 1784 civitatis
522 1741 572 1785 et
623 1755 796 1799 mores,
843 1743 898 1786 ut
952 1756 1007 1786 ex
1061 1743 1240 1787 11311113
1295 1756 1407 1788 011111
1461 1742 1682 1802 ipsarum
1734 1756 1918 1800 rerum,

246 1812 352 1856 tum
406 1811 710 1859 audientium
762 1814 890 1860 ratio
945 1814 1183 1861 suadendi
1236 1814 1507 1862 duceretur.
1569 1813 1709 1861 nobis
1762 1813 1921 1862 maior

162 1883 299 1929 15111
337 1900 388 1931 10
429 1885 624 1932 videtur
661 1888 898 1947 varietas,
938 1903 1052 1934 nam
1092 1890 1141 1935 et
1179 1889 1567 1935 consultantium
1606 1890 1655 1935 et
1694 1888 1917 1935 consilio-

247 1974 358 2004 rum
395 1959 540 2018 plura
579 1961 693 2006 sunt
732 1976 923 2022 genera.

361 2031 519 2086 Quare
558 2034 610 2079 in
650 2033 897 2081 suadendo
938 2050 991 2081 ac
1033 2034 1355 2082 dissuadendo
1395 2037 1494 2082 tria
1532 2034 1745 2096 primum
1785 2049 1917 2095 spec-

247 2104 400 2151 tanda
439 2109 604 2152 erunt:
652 2107 770 2167 quid
810 2108 874 2154 sit
929 2108 987 2155 de
1043 2124 1139 2168 quo
1191 2108 1501 2167 deliberetur,
1557 2110 1640 2168 qui
1687 2108 1786 2154 sint
1832 2109 1919 2169 qui

159 2179 220 2223 16
247 2176 531 2238 deliberent,
574 2181 658 2240 qui
698 2182 763 2227 sit
803 2183 888 2241 qui
927 2181 1143 2228 suadeat,
1205 2198 1328 2241 rem,
1370 2182 1428 2229 de
1469 2198 1565 2243 qua
1604 2181 1918 2240 deliberatur,

248 2253 335 2297 aut
373 2255 557 2299 certum
599 2257 671 2301 est
709 2269 849 2315 posse
889 2254 995 2301 fieri
1028 2259 1113 2302 aut
1143 2257 1399 2302 incertum.
1441 2257 1484 2303 si
1507 2255 1760 2314 incertum,
1799 2255 1919 2302 haec

248 2326 342 2371 erit
381 2328 602 2386 quaestio
643 2327 747 2374 5013
786 2331 872 2374 3111
902 2330 1267 2389 potentissima,
1307 2344 1450 2390 saepe
1484 2328 1609 2376 enim
1644 2328 1833 2375 accidet
1862 2330 1919 2374 ut

246 2398 382 2458 prius
423 2399 657 2459 dicamus,
697 2416 757 2448 ne
797 2403 838 2448 si
877 2403 1034 2462 possit
1073 2402 1270 2462 quidem
1308 2402 1427 2462 fieri,
1477 2418 1578 2450 esse
1625 2402 1918 2460 faciendum,

367 2543 419 2580 19
454 2539 520 2582 De
553 2543 665 2583 orat.
702 2546 740 2593 2,
774 2544 828 2583 82

368 2677 388 2712 1
424 2671 642 2715 debemus
674 2681 710 2714 A
831 2679 855 2716 2
891 2673 1044 2729 exiget
1076 2681 1164 2715 BP
1282 2679 1305 2716 6
1340 2688 1458 2728 quae
1482 2701 1537 2705 —
1562 2674 1845 2730 postulanda
1876 2682 1921 2716 Β

246 2743 426 2784 queque
445 2757 499 2762 —-
513 2731 825 2786 postulabitP
915 2737 968 2774 12
987 2734 1033 2774 et
1045 2746 1114 2775 om
1127 2740 1163 2773 A
1257 2737 1310 2774 20
1326 2732 1490 2788 opibus
1509 2741 1553 2775 P
1625 2737 1680 2775 24
1692 2734 1741 2776 in
1755 2748 1801 2775 re
1811 2741 1916 2775 BP:

246 2787 344 2830 iure
362 2797 398 2830 A
415 2789 564 2833 inesse
583 2791 771 2834 Meister
831 2796 884 2834 25
900 2790 1103 2846 plurima
1115 2798 1204 2833 BP
1262 2796 1316 2834 26
1330 2791 1531 2847 primum
1544 2799 1627 2834 ΑΡ
1639 2793 1758 2836 Cass.
1768 2806 1803 2847 p
1817 2795 1917 2846 501,

248 2849 322 2890 36:
351 2848 501 2902 primo
526 2857 570 2891 Β
674 2853 728 2891 29
753 2849 888 2908 haec]
910 2850 998 2892 hoc
1018 2857 1062 2891 Β
1180 2855 1233 2892 31
1267 2863 1324 2894 ne
1358 2850 1396 2892 51
1429 2859 1487 2893 P:
1522 2851 1611 2893 nisi
1635 2858 1680 2893 Β
1701 2864 1785 2893 1100
1817 2851 1856 2893 si
1879 2858 1917 2892 A

1943 876 1985 907 10

1943 1222 2032 1274 15’

1943 1610 1987 1642 20

1943 1977 1984 2008 25

1942 2345 1985 2377 30

2047 2405 2050 2419 -
2043 2256 2055 2389 '‘⁴⁸2-
2045 2241 2055 2250 h

2042 2855 2050 2906 ἐ

2020 2942 2055 3130 l
