2055 3130
793 78 869 121 VI.
904 83 944 131 ·2‚
977 83 1134 121 3—12.
1693 81 1800 132 3:23

118 220 199 267 hic
237 218 378 266 labor
417 224 504 278 est,
552 221 654 265 sine
696 234 791 279 quo
832 222 993 265 cetera
1039 218 1193 276 nuda,
1239 218 1420 277 ieiuna,
1459 218 1668 279 infirma,
1728 221 1800 266 in-

120 296 264 355 grata
305 296 440 340 sunt:
483 292 602 339 adeo
642 292 777 339 velut
818 293 1021 352 spiritus
1054 293 1215 351 operis
1248 292 1392 338 huius
1427 295 1575 352 atque
1609 293 1801 340 animus

123 373 198 414 est
235 369 288 412 in
328 366 615 413 adfectibus.
1821 372 1825 376 '

230 440 421 487 Horum
462 443 641 498 autem,
696 440 822 487 sicut
878 439 1153 500 antiquitus
1207 438 1449 485 traditum
1505 441 1797 500 accepimus,
1861 446 1889 489 8

76 533 95 565 5
121 514 245 561 duae
285 519 399 561 sunt
438 515 644 575 species:
685 514 895 559 alteram
921 512 1093 560 Graeci
1125 512 1290 569 πάθος
1322 516 1517 571 vocant,
1557 514 1688 574 quod
1713 529 1801 561 nos

119 591 365 635 vertentes
404 590 534 635 recte
568 603 623 634 ac
656 589 854 649 proprie
889 587 1135 634 adfectum
1160 586 1382 646 dicimus,
1424 588 1632 634 alteram
1656 579 1802 649 ἦθος,

120 664 258 709 cuius
296 663 509 720 nomine,
548 668 606 708 ut
645 676 734 723 ego
777 661 973 721 quidem
1015 662 1188 719 sent-io,
1236 664 1369 707 caret
1416 676 1575 708 sermo
1622 661 1802 708 Roma-

120 751 232 783 nus:
272 751 432 783 mores
465 736 794 796 appellantur,
836 743 985 796 atque
1017 735 1130 782 inde
1163 750 1278 796 pars
1312 750 1506 795 quoque
1531 735 1620 781 1113-
1644 735 1801 796 philo-

120 809 321 870 sophiae
364 807 516 872 ἠθική
557 810 758 856 moralis
799 818 871 856 est
924 809 1067 856 dicta.
1116 808 1200 855 sed
1246 809 1406 868 ipsam
1451 810 1524 855 rei
1570 812 1800 856 naturam
1861 815 1891 860 9

55 904 96 933 10
122 885 368 944 spectanti
405 883 530 930 mihi
576 899 673 930 non
712 892 817 930 tam
855 899 1014 930 mores
1062 882 1332 945 significari
1377 883 1607 930 videntur
1656 899 1804 943 quam

118 973 312 1005 morum
353 957 594 1018 quaedam
633 958 933 1019 proprietas3
973 973 1087 1004 nam
1127 958 1247 1017 ipsis
1289 956 1487 1017 quidem
1527 959 1684 1004 omnis
1717 958 1803 1003 ha-

118 1032 251 1079 bitus
305 1032 484 1078 mentis
536 1033 829 1078 continetur.
897 1033 1141 1078 cautiores
1188 1031 1496 1078 voluntatem
1544 1032 1806 1092 complecti

120 1121 267 1166 quam
292 1107 493 1152 nomina
516 1106 836 1166 interpretari
866 1105 1161 1152 maluerunt.
1197 1104 1418 1151 adfectus
1450 1106 1608 1168 igitur
1639 1107 1804 1163 πάθος

120 1181 404 1238 concitatos,
461 1172 588 1241 ἦθος
642 1180 785 1226 mites
850 1184 997 1241 atque
1045 1179 1340 1240 compositos
1396 1194 1497 1226 esse
1553 1179 1802 1226 dixerunt:

54 1271 95 1303 15
118 1255 171 1300 in
212 1254 366 1301 altero
404 1253 714 1301 vehementes
755 1258 933 1313 motus,
971 1255 1024 1300 in
1065 1254 1221 1300 altero
1261 1253 1416 1312 lenes,
1466 1253 1675 1313 denique
1715 1254 1803 1300 hos

119 1329 378 1388 imperare,
431 1328 546 1374 illos
599 1328 907 1388 persuadere,
961 1328 1049 1374 hos
1097 1328 1159 1373 ad
1197 1327 1638 1389 perturbationem,
1691 1328 1804 1375 illos

122 1401 184 1448 ad
222 1402 614 1449 benevolentiam
653 1402 951 1462 praevalere.
1006 1401 1225 1449 adiciunt
1267 1401 1469 1462 quidam
1519 1393 1643 1463 ἦθος
1691 1418 1798 1463 per·
1828 1410 1891 1454 10

118 1481 337 1536 petuum‚
376 1475 543 1532 πάθος
581 1477 853 1537 temporale
895 1491 1008 1522 esse.
1053 1476 1183 1536 quod
1222 1479 1279 1522 ut
1319 1476 1537 1522 accidere
1575 1476 1804 1537 frequen-

120 1551 220 1596 tius
260 1550 442 1608 fateor⁷
481 1550 554 1596 ita
593 1550 857 1597 nonnullas
899 1551 1041 1597 credo
1091 1565 1194 1597 esse
1233 1551 1484 1608 materias,
1526 1566 1649 1610 quae
1692 1566 1805 1597 con-

57 1642 99 1672 20
124 1624 322 1670 tinuum
363 1623 639 1671 desiderent
680 1624 942 1672 adfectum.
997 1639 1086 1671 nec
1123 1627 1292 1671 tamen
1337 1625 1500 1671 minus
1549 1625 1670 1671 artis
1718 1626 1806 1671 aut

123 1713 239 1745 usus
278 1698 331 1744 hi
369 1698 580 1745 leniores
618 1698 815 1757 habent,
863 1700 1045 1746 virium
1095 1706 1244 1760 atque
1290 1700 1504 1759 impetus
1552 1714 1650 1745 non
1696 1708 1805 1745 tan-

123 1772 325 1818 tundem
366 1774 583 1834 exigunt.
624 1774 677 1819 in
717 1774 879 1820 causis
918 1789 1034 1819 vero
1075 1775 1225 1819 etiam
1264 1772 1491 1833 pluribus
1530 1776 1805 1831 versantur,

122 1848 275 1894 immo
315 1846 582 1894 secundum
634 1846 879 1907 quendam
924 1847 1238 1894 intellectum
1286 1848 1339 1892 in
1394 1847 1634 1894 omnibus.
1691 1863 1806 1894 nam
1833 1854 1891 1899 11

124 1937 235 1968 cum
275 1936 332 1967 ex
370 1921 458 1967 illo
499 1921 659 1967 ethic-o
700 1922 806 1968 loco
853 1921 979 1968 nihil
1033 1937 1132 1968 non
1184 1920 1244 1967 ab
1298 1924 1493 1968 oratore
1546 1924 1805 1978 tractetur,

55 2012 97 2043 25
124 1995 365 2055 quidquid
406 1994 464 2041 de
503 1995 720 2042 honestis
762 1999 811 2042 et
841 1995 1065 2052 utilibus}
1104 1995 1316 2056 denique
1347 1995 1587 2042 faciendis
1620 2011 1674 2042 ac
1707 2011 1806 2042 non

121 2069 358 2116 faciendis
390 2069 585 2128 dicitur,
626 2062 753 2132 ἦθος
785 2071 954 2117 vocari
976 2073 1154 2130 potest.
1198 2069 1399 2130 quidam
1424 2069 1804 2116 commendatio-

121 2158 234 2189 nem
274 2150 423 2203 atque
465 2144 828 2190 excusationem
867 2145 1071 2204 propria
1109 2144 1254 2190 huius
1296 2143 1448 2190 officii
1486 2146 1806 2205 putaverunt,

120 2232 210 2264 nec
251 2217 411 2264 abnuo
453 2232 556 2265 esse
609 2218 707 2264 ista
757 2219 810 2264 in
856 2218 949 2266 hac
1002 2222 1157 2278 parte,
1214 2217 1297 2265 sed
1350 2233 1449 2264 non
1501 2218 1710 2266 concedo
1750 2220 1807 2264 ut

123 2291 228 2338 sola
268 2293 379 2338 sint.
422 2292 543 2352 quin
580 2292 705 2338 illud
747 2292 903 2339 adhuc
943 2292 1117 2351 adicio,
1156 2291 1322 2348 πάθος
1362 2296 1509 2353 atque
1544 2285 1671 2354 ἦθος
1704 2307 1806 2340 esse
1833 2299 1894 2344 12

55 2382 97 2413 30
121 2366 325 2412 interim
379 2381 436 2412 ex
485 2366 654 2413 eadem
701 2371 896 2425 natura,
950 2367 1024 2413 ita
1077 2369 1134 2413 ut
1187 2366 1314 2413 illud
1366 2368 1526 2413 maius
1581 2367 1660 2425 sit,
1713 2366 1806 2414 hoc

245 2541 268 2578 2
304 2535 398 2578 sint
429 2544 465 2577 A
605 2542 628 2577 5
662 2537 786 2590 quod
818 2545 916 2579 AG:
966 2549 1105 2591 quam
1139 2545 1271 2579 PH!
1425 2542 1478 2578 13
1511 2536 1690 2594 πάθος]
1722 2537 1806 2579 hos

127 2595 235 2638 libri
355 2600 411 2638 14
443 2589 584 2653 ἦθος]
617 2595 721 2638 illos
755 2596 862 2639 libri
892 2591 1012 2650 ἦθος
1041 2610 1147 2638 vero
1180 2609 1257 2639 esce
1292 2596 1480 2640 Cassiod
1624 2602 1677 2638 15
1709 2610 1805 2639 mo-

122 2656 198 2696 tus
222 2668 301 2698 esce
328 2654 537 2698 Cassiod:
571 2658 827 2698 commotus
851 2664 888 2696 A
915 2658 1168 2698 commotos
1193 2657 1275 2699 rell
1414 2661 1466 2698 16
1490 2654 1805 2711 perturbatio-

121 2727 228 2756 nem
270 2727 348 2757 eoec
390 2713 600 2757 Cassiod.-
637 2715 946 2769 perlat-ionem
1145 2719 1196 2757 17
1238 2711 1359 2770 ἦθος
1396 2718 1675 2771 perpetuum
1729 2729 1806 2758 eoec

126 2772 339 2816 Cassiod:
368 2772 456 2815 hoc
494 2776 712 2828 pertuum
743 2782 780 2815 Α
813 2776 894 2816 aut
924 2776 1143 2830 pei-tuum
1179 2783 1213 2816 G
1244 2774 1498 2829 peritorum
1531 2782 1663 2816 PVJ!

124 2836 177 2874 21
210 2831 410 2875 leniores
443 2833 645 2888 Regius.-
675 2833 868 2876 leviores
1021 2838 1078 2876 24
1110 2833 1263 2876 ethico
1297 2835 1467 2877 Halm:
1499 2836 1547 2876 et
1578 2833 1665 2875 hoc

125 2896 180 2933 26
214 2887 334 2947 ἦθος
366 2892 562 2934 Daniel.-
594 2891 680 2935 hoc
803 2897 857 2935 28
890 2892 939 2934 in
972 2901 1067 2936 Pr:
1102 2908 1170 2936 om
1205 2894 1286 2936 rell

1454 2967 1538 3008 21*
