2007 3120
213 78 283 129 66
708 75 1082 128 QVINTILIANI
1111 75 1259 118 INST.
1295 75 1386 120 ΟΒ.

213 214 580 263 exclamandum
620 216 726 277 erit,
765 215 934 261 lateris
975 216 1174 262 conatus
1215 214 1279 260 sit
1317 214 1415 274 ille,
1453 230 1549 260 non
1590 215 1781 275 capitis,
1826 218 1881 262 ut

152 297 183 340 9
212 293 379 352 gestus
420 288 482 335 ad
519 303 701 347 vocem,
741 288 906 335 vultus
946 288 1009 334 ad
1047 290 1236 349 gestum
1271 287 1677 334 adcommodetur.
1719 288 1880 335 obser-

212 362 426 409 vandum
467 363 561 408 erit
603 361 766 420 etiam,
804 364 860 407 ut
898 362 1032 408 recta
1071 360 1136 407 sit
1173 360 1322 407 facies
1363 360 1590 420 dicentis,
1636 377 1695 407 ne
1742 361 1881 408 labra

213 435 607 495 detorqueantur,
657 450 716 480 ne
756 433 1024 480 inmodicus
1074 433 1239 481 hiatus
1291 434 1469 480 rictum
1515 433 1775 493 distendat,
1822 450 1880 480 ne

213 509 415 569 supinus
454 508 633 566 vultus,
684 523 743 553 ne
783 507 960 553 deiecti
1009 509 1060 552 in
1109 510 1292 553 terram
1342 507 1484 565 oculi,
1536 523 1595 552 ne
1645 508 1883 554 inclinata

126 589 186 632 10
213 581 448 628 utrolibet
488 581 662 627 cervix.
703 597 817 626 nam
856 580 988 627 frons
1021 579 1243 640 pluribus
1275 580 1535 640 generibus
1566 583 1748 640 peccat.
1780 580 1884 626 vidi

214 655 414 713 multos,
491 670 699 715 quorum
760 654 1021 713 supercilia
1084 653 1145 699 ad
1206 653 1423 715 singulos
1485 653 1617 700 vocis
1680 655 1882 701 conatus

215 729 573 786 adlevarentur,
609 728 820 774 aliorum
845 728 1123 785 constricta,
1157 726 1368 772 aliorum
1401 728 1550 773 etiam
1583 726 1884 785 dissidentia,

215 817 325 848 cum
380 801 534 847 altero
585 802 635 846 in
686 800 920 846 verticem
974 799 1254 857 tenderent,
1309 800 1462 846 altero
1512 815 1666 859 paene
1717 800 1884 847 oculus

128 881 186 924 11
213 875 316 936 ipse
355 876 669 934 premeretur.
708 873 958 920 infinitum
996 875 1176 932 autem,
1214 876 1271 919 ut
1308 888 1419 919 mox
1459 873 1686 931 dicemus,
1724 873 1777 918 in
1808 872 1883 918 his

216 963 408 1009 quoque
447 947 590 993 rebus
630 949 931 993 momentum
970 949 1056 1005 est,
1097 949 1145 992 et
1183 946 1306 991 nihil
1338 949 1499 1006 potest
1530 947 1722 1007 placere
1755 945 1885 1007 quod

215 1038 313 1069 non
353 1021 504 1067 decet,

129 1099 189 1143 12
363 1093 521 1140 Debet
562 1093 711 1140 etiam
750 1093 919 1140 docere
961 1092 1230 1154 comoedus,
1282 1092 1522 1153 quomodo
1573 1092 1885 1152 narrandum,

218 1184 314 1229 qua
355 1169 420 1215 sit
459 1168 752 1214 auctoritate
794 1166 1111 1225 suadendum,
1152 1181 1248 1227 qua
1275 1166 1599 1213 concitatione
1625 1168 1888 1227 consurgat

216 1243 304 1301 ira,
337 1240 421 1302 qui
453 1241 602 1287 flexus
636 1240 803 1287 deceat
835 1239 1210 1286 miserationem.
1245 1239 1375 1300 quod
1405 1240 1478 1286 ita
1511 1241 1692 1300 optime
1724 1240 1886 1299 faciet,

219 1315 258 1362 si
299 1318 454 1361 certos
495 1330 550 1359 ex
602 1313 863 1361 comoediis
911 1314 1113 1374 elegerit
1159 1314 1290 1360 locos
1339 1315 1387 1359 et
1434 1313 1495 1359 ad
1542 1313 1630 1359 hoc
1679 1314 1887 1359 maxime

132 1391 192 1436 13
218 1388 431 1446 idoneos,
486 1387 535 1433 id
590 1390 662 1434 est
713 1386 986 1433 actionibus
1041 1386 1237 1433 similes.
1291 1386 1421 1432 idem
1473 1388 1636 1432 autem
1682 1401 1778 1432 non
1827 1385 1889 1432 ad

119 1452 121 1454 ’
218 1461 635 1523 pronuntiandum
661 1460 804 1507 modo
830 1460 1096 1519 utilissimi,
1122 1475 1292 1506 verum
1317 1459 1378 1505 ad
1404 1460 1675 1521 augendam
1696 1474 1887 1520 quoque

134 1537 194 1582 14
220 1534 549 1595 eloquentiam
569 1536 778 1580 maxime
798 1533 1152 1580 accommodati
1177 1536 1332 1579 erunt.
1351 1536 1399 1579 et
1414 1533 1547 1591 haec,
1566 1533 1680 1579 dum
1697 1531 1890 1579 infirma

221 1612 355 1655 aetas
395 1607 579 1654 maiora
632 1623 728 1654 non
779 1606 960 1667 capiet:
1013 1610 1226 1653 ceterum
1277 1621 1384 1652 cum
1434 1607 1594 1668 legere
1645 1607 1888 1654 orationes

221 1681 480 1742 oportebit,
520 1696 628 1727 cum
668 1683 873 1727 virtutes
915 1696 1079 1727 earum
1119 1679 1219 1726 iam
1258 1681 1450 1739 sentiet,
1489 1684 1594 1725 tum
1633 1680 1756 1725 mihi
1780 1679 1888 1726 dili-

221 1771 337 1818 gens
386 1754 562 1815 aliquis
612 1769 666 1801 ac
713 1755 902 1814 peritus
952 1753 1160 1800 adsistat
1207 1769 1362 1814 neque
1426 1754 1582 1800 solum
1629 1753 1891 1799 lectionem

223 1831 412 1887 formet,
467 1844 634 1874 verum
683 1827 891 1874 ediscere
941 1828 1089 1873 etiam
1137 1827 1291 1872 electa
1339 1842 1394 1873 ex
1441 1827 1500 1874 iis
1550 1830 1692 1888 cogat
1740 1828 1788 1872 et
1834 1841 1891 1872 ea

223 1902 380 1949 dicere
420 1904 632 1948 stantem
673 1902 799 1948 clare
840 1904 887 1947 et
927 1916 1070 1961 quem
1109 1900 1171 1946 ad
1210 1899 1407 1948 modum
1446 1915 1589 1962 agere
1630 1899 1891 1960 oportebit,

222 1979 278 2022 ut
315 1975 536 2036 protinus
576 1976 1048 2034 pronuntiationem,
1096 1989 1278 2032 vocem,
1325 1975 1609 2020 memoriam
1657 1975 1889 2019 exerceat.

137 2057 197 2100 15
369 2049 441 2094 Ne
489 2049 600 2094 illos
649 2048 845 2108 quidem
891 2047 1311 2108 reprehendendos
1359 2050 1501 2107 puto,
1556 2047 1641 2107 qui
1687 2046 1892 2107 paulum

226 2124 376 2168 etiam
414 2122 719 2182 palaestricis
775 2123 1086 2167 vacaverunt.
1127 2136 1223 2167 non
1275 2121 1332 2166 de
1371 2120 1430 2167 iis
1469 2120 1665 2180 loquor,
1714 2119 1891 2180 quibus

222 2211 335 2256 pars
376 2195 506 2242 vitae
545 2196 595 2240 in
630 2195 751 2253 oleo,
789 2210 903 2254 pars
935 2196 986 2240 in
1019 2195 1132 2240 vino
1166 2194 1481 2252 consumitur,
1520 2192 1601 2254 qui
1637 2208 1892 2253 corporum

225 2285 342 2317 cura
381 2272 592 2315 mentem
643 2268 911 2314 obruerunt
960 2261 1069 2332 (hos
1118 2269 1247 2313 enim
1297 2266 1460 2313 abesse
1509 2266 1567 2312 ab
1623 2281 1693 2327 eo,
1749 2282 1892 2326 quem

138 2350 198 2393 16
223 2344 545 2401 instituimus,
586 2357 735 2402 quam
774 2341 1055 2402 longissime
1096 2334 1290 2405 velim):
1331 2340 1412 2387 sed
1452 2355 1627 2386 nomen
1667 2341 1741 2386 est
1763 2339 1891 2385 idem
1918 2357 1936 2386 3

225 2417 300 2474 iis,
349 2432 377 2462 a
425 2415 602 2476 quibus
650 2417 814 2477 gestus
861 2418 1118 2475 motusque
1167 2415 1459 2472 formantur,
1507 2416 1563 2459 ut
1615 2416 1750 2459 recta
1795 2413 1894 2459 sint

226 2489 465 2548 bracchia,
518 2505 578 2535 ne
631 2488 869 2547 indoctae,
924 2489 1134 2534 rusticae
1188 2503 1375 2549 manus,
1436 2503 1496 2533 ne
1552 2490 1709 2532 status
1759 2485 1892 2531 inde-

228 2578 381 2621 corus,
431 2578 490 2608 ne
539 2578 634 2622 qua
683 2562 734 2607 in
785 2561 1086 2622 proferendis
1134 2560 1335 2621 pedibus
1385 2559 1596 2618 inscitia,
1646 2576 1706 2605 ne
1746 2562 1894 2619 caput

348 2691 371 2728 2
407 2686 720 2728 commodetur
752 2694 786 2727 A
938 2691 964 2727 4
998 2686 1359 2740 detorqueantur
1396 2692 1484 2727 BP
1537 2685 1591 2727 Vt
1618 2699 1651 2738 1)
1684 2688 1782 2737 442,
1818 2688 1891 2726 15:

229 2745 333 2787 dist.
367 2753 403 2786 A
443 2747 447 2793 i
488 2745 722 2787 distendat
756 2752 840 2787 BP
879 2746 951 2788 Vt:
987 2745 1219 2786 discindat
1257 2752 1294 2785 A
1416 2747 1439 2785 9
1481 2742 1677 2786 alterum
1709 2769 1764 2773 ——
1796 2745 1893 2784 ten-

230 2804 359 2846 deret
389 2812 426 2844 Α
549 2809 600 2846 15
634 2804 713 2858 qui
745 2810 849 2845 AN:
883 2803 986 2857 quis
1018 2811 1106 2845 BP
1232 2807 1284 2845 ‘22
1319 2801 1517 2846 lectione
1549 2809 1637 2843 BP
1754 2804 1807 2842 23
1841 2814 1896 2843 ex

228 2862 301 2904 his
334 2870 416 2903 ΑΡ
533 2866 584 2904 31
618 2861 843 2904 formatur
874 2869 918 2903 Β

1908 891 1950 922 10

1913 1259 1953 1289 15

1914 1624 2005 1654 2οη

1915 1991 1957 2022 25
