2055 3130
262 93 366 144 132
781 91 1155 145 QVINTILIANI
1185 91 1333 136 INST.
1368 91 1460 136 ΟΒ.

259 233 487 278 accusent
533 230 699 291 aliqua
751 234 897 292 atque
948 231 1211 278 defendant
1266 233 1315 277 et
1364 229 1570 291 denique
1627 230 1775 277 alium
1832 231 1930 278 alio

257 303 430 351 melius
469 304 607 363 loqui
646 304 859 351 credant.

848 456 1036 514 [QUAE
1067 456 1332 514 PARTES]

205 596 230 639 1
369 595 458 642 ΙΙΙ.
500 594 670 642 Omnis
711 598 875 642 autem
915 596 1087 643 orandi
1126 597 1268 655 ratio,
1307 600 1363 642 ut
1394 595 1597 656 plurimi
1627 597 1927 657 maximique

258 672 478 716 auctores
530 669 854 728 tradiderunt,
911 671 1123 730 quinque
1176 668 1400 729 partibus
1455 670 1667 715 constat:
1723 670 1927 715 inven-
1975 688 1994 715 5

256 743 441 801 tione,
475 742 903 804 dispositione,
934 743 1299 802 elocutione,
1331 743 1639 800 memoria,
1671 758 1926 802 pronun-

255 817 517 862 tiatione
579 818 702 863 sive
766 815 1021 872 actione,
1084 819 1290 876 utroque
1353 816 1482 861 enim
1535 815 1679 862 modo
1734 815 1926 862 dicitur.

257 890 413 935 omnis
444 904 558 935 vero
592 904 763 948 sermo,
805 905 900 949 quo
935 889 1132 949 quidem
1163 888 1393 935 voluntas
1427 888 1596 948 aliqua
1629 889 1927 947 enuntiatur,

202 961 229 1004 2
255 961 433 1008 habeat
471 977 662 1009 necesse
695 965 769 1009 est
806 978 924 1008 rem
964 966 1020 1009 et
1058 962 1248 1009 verba.
1290 977 1347 1008 ac
1386 963 1428 1008 si
1460 963 1532 1008 est
1562 962 1724 1008 brevis
1757 964 1806 1008 et
1830 977 1925 1008 una

256 1035 565 1082 conclusione
608 1035 791 1095 finitus,
830 1035 956 1082 nihil
988 1037 1194 1083 fortasse
1225 1035 1358 1082 ultra
1389 1034 1644 1094 desideret,
1685 1037 1737 1081 at
1769 1035 1925 1082 oratio

254 1108 448 1171 longior
485 1109 629 1169 plura
670 1108 834 1171 exigit.
874 1125 972 1157 non
1010 1111 1205 1155 tantum
1245 1109 1374 1155 enim
1405 1108 1568 1167 refert,
1600 1107 1718 1169 quid
1750 1112 1799 1154 et
1831 1124 1926 1169 quo

253 1181 398 1228 modo
439 1181 673 1241 dicamus,
714 1182 796 1230 sed
837 1184 985 1228 etiam
1026 1197 1120 1243 quo
1160 1182 1287 1229 loco:
1329 1197 1450 1242 opus
1491 1197 1603 1243 ergo
1645 1184 1719 1228 est
1750 1184 1799 1228 et
1831 1182 1926 1229 dis-

256 1256 511 1316 positione.
584 1255 667 1303 sed
720 1271 875 1315 neque
931 1257 1119 1314 omnia,
1175 1271 1298 1315 quae
1354 1270 1430 1302 res
1481 1255 1713 1315 postulat,
1767 1255 1925 1302 dicere

256 1344 413 1389 neque
453 1344 542 1376 suo
584 1344 804 1389 quaeque
836 1330 941 1376 loco
965 1330 1235 1389 poterimus
1260 1329 1356 1376 nisi
1388 1328 1650 1375 adiuvante
1674 1330 1925 1386 memoria,

202 1401 230 1444 3
256 1406 557 1462 quapropter
597 1418 654 1449 ea
694 1418 886 1462 quoque
918 1417 1031 1462 pars
1064 1406 1243 1463 quarta
1269 1403 1373 1448 erit.
1413 1417 1583 1448 verum
1607 1401 1726 1448 haec
1751 1406 1926 1449 cuncta

254 1476 532 1536 conrumpit
581 1491 636 1522 ac
677 1476 1030 1536 propemodum
1077 1475 1240 1537 perdit
1283 1475 1513 1521 indecora
1557 1475 1637 1521 vel
1685 1490 1800 1522 voce
1847 1475 1925 1522 vel

255 1551 396 1610 gestu
435 1551 797 1609 pronuntiatio:
837 1549 949 1596 huic
992 1564 1183 1610 quoque
1214 1550 1368 1611 igitur
1405 1548 1692 1595 tribuendus
1733 1549 1806 1595 est
1844 1564 1924 1595 ne-

253 1624 463 1668 cessario
505 1624 705 1682 quintus
745 1623 894 1669 locus.

203 1694 230 1738 4
364 1696 464 1741 Nec
505 1695 735 1742 audiendi
775 1696 989 1756 quidam,
1037 1711 1245 1756 quorum
1296 1698 1369 1742 est
1407 1695 1655 1753 Albutius,
1704 1695 1788 1755 qui
1832 1696 1923 1741 tris

250 1768 392 1815 modo
431 1770 616 1829 primas
657 1784 759 1816 esse
797 1771 952 1830 partis
993 1770 1180 1829 volunt,
1229 1770 1460 1830 quoniam
1498 1769 1734 1816 memoria
1773 1771 1919 1828 atque
1949 1787 1964 1817 2

253 1844 380 1889 actio
420 1846 610 1902 natura,
653 1858 748 1889 non
789 1846 892 1889 arte
934 1845 1235 1904 contingant,
1288 1858 1495 1902 quarum
1534 1857 1620 1889 nos
1661 1845 1923 1902 praecepta

251 1930 337 1963 suo
390 1916 495 1962 loco
547 1916 784 1974 dabimus,
835 1916 949 1964 licet
1003 1916 1395 1976 Thrasymachus
1447 1930 1639 1976 quoque
1685 1915 1817 1961 idem
1864 1914 1922 1962 de

195 1988 223 2032 5
251 1991 441 2036 actione
483 1989 754 2036 crediderit.
806 1990 881 2036 his
923 1989 1204 2036 adiecerunt
1244 1988 1443 2049 quidam
1483 1991 1669 2036 sextam
1714 1990 1921 2049 partem,

250 2063 321 2109 ita
369 2066 424 2109 ut
473 2063 745 2110 inventioni
795 2063 1084 2110 iudicium
1134 2063 1487 2121 subnecterent,
1540 2063 1657 2122 quia
1706 2061 1922 2122 primum

250 2139 377 2182 esset
426 2138 658 2195 invenire,
710 2136 883 2182 deinde
936 2137 1166 2183 iudicare.
1223 2152 1312 2198 ego
1365 2151 1510 2197 porro
1564 2150 1623 2181 ne
1676 2136 1920 2182 invenisse
1946 2172 1962 2183 .

251 2209 446 2269 quidem
488 2209 628 2256 credo
669 2226 793 2268 eum,
835 2211 919 2270 qui
957 2225 1055 2256 non
1085 2210 1346 2268 iudicavit,
1386 2225 1544 2269 neque
1576 2209 1705 2255 enim
1730 2210 1920 2255 contra-

249 2284 338 2341 ria,
379 2284 669 2342 communia,
710 2283 863 2330 stulta
902 2283 1145 2330 invenisse
1186 2283 1364 2329 dicitur
1403 2284 1677 2343 quisquam,
1717 2281 1800 2328 sed
1823 2297 1918 2328 non

195 2358 223 2398 6
249 2358 443 2402 vitasse.
499 2359 547 2402 et
598 2355 765 2403 Cicero
817 2356 1013 2417 quidem
1050 2358 1103 2402 in
1140 2356 1397 2403 rhetoricis
1434 2355 1670 2402 iudicium
1717 2354 1920 2402 subiecit

249 2429 544 2476 inventioni:
585 2429 706 2476 mihi
745 2433 908 2476 autem
949 2430 1069 2476 adeo
1108 2430 1265 2476 tribus
1306 2429 1476 2490 primis
1515 2428 1738 2490 partibus
1785 2428 1919 2475 vide-

247 2506 330 2548 tur
370 2518 470 2550 esse
510 2504 806 2564 permixtum
846 2497 984 2567 (nam
1022 2519 1178 2563 neque
1218 2503 1473 2564 dispositio
1521 2502 1623 2549 sine
1664 2517 1719 2548 eo
1758 2517 1913 2563 neque
1940 2520 1958 2550 3

249 2576 458 2623 elocutio
498 2570 684 2640 fuerit),
723 2580 778 2622 ut
815 2576 1269 2637 pronuntiationem
1308 2590 1500 2636 quoque
1538 2575 1618 2622 vel
1647 2576 1915 2635 plurimum

202 2649 307 2695 's'ex
348 2665 403 2696 eo
442 2651 660 2696 mutuari
697 2652 881 2710 putem.
936 2650 1066 2710 quod
1105 2650 1195 2697 hoc
1236 2649 1466 2696 audacius
1514 2649 1741 2707 dixerim,
1788 2648 1918 2708 quod

367 2763 420 2801 28
453 2758 571 2800 nihil
604 2759 831 2802 eiusmodi
863 2759 911 2801 in
942 2758 1073 2802 libris
1107 2759 1163 2801 de
1195 2759 1283 2801 inV.

367 2881 419 2918 12
439 2881 508 2919 est
532 2878 597 2934 et]
624 2880 693 2920 est
709 2885 745 2917 A
838 2881 892 2919 20
917 2877 1136 2931 quoniam
1163 2885 1217 2919 A:
1237 2876 1347 2931 quia
1363 2884 1451 2919 BP
1537 2881 1589 2919 21
1618 2876 1919 2931 contingatB

1952 1053 1994 1084 10

1952 1419 1991 1450 15
