2055 3130
258 54 366 106 314
762 55 1133 108 QVINTILIANI
1162 57 1312 101 INST.
1348 57 1439 101 ΟΒ.

257 195 489 257 graviter,
529 194 570 242 si
609 197 974 255 contumeliose,
1024 199 1080 243 ut
1118 196 1469 244 Demosthenes
1522 213 1577 244 ex
1627 200 1767 258 parte
1819 214 1926 260 per-

258 268 386 314 cussi
425 270 654 328 corporis,
697 284 752 315 ex
791 270 933 316 vultu
972 270 1206 329 ferientis,
1246 286 1302 317 ex
1340 269 1514 317 habitu
1559 270 1798 317 invidiam
1835 271 1926 318 Mi-

173 339 233 383 18
261 340 368 386 diae
403 343 604 401 quaerit.
647 343 834 389 occisus
867 345 941 390 est
971 339 1209 405 <aliquis
1193 361 1243 402 )
1282 346 1450 390 utrum
1480 344 1610 391 ferro
1642 359 1704 390 an
1727 344 1832 406 igni
1864 360 1928 392 an

254 429 454 473 veneno,
495 430 590 461 uno
631 415 830 462 vulnere
873 432 935 462 an
981 416 1217 477 pluribus,
1272 416 1432 464 subito
1481 432 1544 463 an
1591 417 1925 477 expectatione

254 488 428 545 tortus,
469 486 530 532 ad
569 488 694 534 hanc
725 490 917 549 partem
948 491 1157 536 maxime
1190 490 1415 551 pertinet.
1455 491 1614 537 utitur
1645 491 1926 551 frequenter
1973 507 1991 539 5

255 563 509 606 accusator
548 564 595 607 et
633 562 961 622 miseratione,
1001 578 1111 609 cum
1152 567 1237 610 aut-
1277 564 1378 610 eius
1418 578 1603 623 casum,
1653 579 1798 625 quem
1848 564 1923 610 ul-

254 633 463 692 ciscitur,
504 637 589 680 3111
628 635 893 682 liberorum
933 651 990 682 ac
1020 637 1298 696 parentium
1331 636 1645 684 solitudinem
1671 637 1923 697 conqueri-

165 704 227 747 19
252 710 346 752 tur.
387 708 536 753 etiam
583 708 740 754 futuri
787 709 1023 770 temporis
1074 711 1286 772 imagine
1334 710 1516 758 iudices
1566 713 1745 769 movet,
1800 725 1924 770 quae

253 783 485 826 maneant
526 796 620 840 eos,
661 782 746 842 qui
786 781 843 828 de
884 784 935 828 vi
974 785 1021 829 et
1059 784 1241 830 iniuria
1282 783 1443 844 questi
1476 787 1603 843 sunt,
1642 783 1738 831 nisi
1769 783 1926 830 vindi-

253 855 445 899 centur:
485 854 775 916 fugiendum
813 855 872 902 de
899 857 1113 916 civitate,
1156 857 1423 904 cedendum
1456 856 1593 904 bonis
1626 860 1713 903 aut
1746 858 1924 916 omnia,
1950 873 1991 905 10

162 923 228 968 20
254 941 590 987 quaecumque
642 928 867 976 inimicus
906 929 1096 988 fecerit,
1147 931 1450 990 perferenda,
1502 930 1586 976 sed
1635 931 1827 990 saepius
1874 930 1926 977 id

253 1001 325 1045 631
365 1002 676 1060 accusatoris,
717 1005 934 1049 avertere
973 1003 1183 1050 iudicem
1225 1020 1252 1050 a
1292 1005 1621 1061 miseratione,
1669 1019 1765 1064 qua
1810 1019 1924 1050 reus

251 1073 317 1119 sit
355 1089 544 1133 usurus,
596 1077 742 1135 atque
783 1076 844 1122 ad
883 1075 1077 1123 fortiter
1116 1077 1430 1124 iudicandum
1482 1079 1738 1124 concitare.
1787 1079 1922 1124 cuius

251 1146 346 1193 loci
386 1150 457 1194 est
498 1149 648 1194 etiam
689 1164 924 1209 occupare
966 1166 1090 1210 quae
1130 1151 1376 1197 dicturum
1415 1151 1720 1197 facturumve
1754 1150 1922 1197 adver-

250 1221 435 1266 sarium
459 1225 613 1281 putes.
654 1238 769 1268 nam
795 1226 842 1269 et
875 1225 1118 1270 cautiores
1146 1224 1205 1270 ad
1232 1224 1506 1271 custodiam
1530 1239 1646 1270 suae
1670 1223 1922 1286 religionis
1949 1241 1990 1272 15

249 1293 433 1341 iudices
474 1295 593 1341 facit
633 1299 680 1342 et
720 1298 933 1357 gratiam
973 1299 1279 1358 responsuris
1321 1299 1497 1355 aufert,
1538 1312 1645 1344 cum
1687 1313 1758 1353 ea,
1798 1312 1921 1358 quae

248 1366 380 1413 dicta
405 1371 516 1414 sunt
542 1368 602 1414 ab
629 1373 927 1429 accusatore,
952 1372 1066 1430 iam,
1092 1373 1133 1417 si
1162 1387 1249 1431 pro
1282 1387 1363 1418 reo
1389 1374 1685 1432 repetentur,
1711 1387 1807 1417 non
1825 1372 1922 1418 sint

248 1456 390 1498 nova,
430 1445 484 1488 ut
529 1440 752 1489 Servium
797 1442 1069 1504 Sulpicium
1108 1441 1408 1506 (Messalla)
1455 1447 1624 1491 contra
1660 1443 1921 1503 Aufidiam,

247 1529 307 1560 ne
333 1515 654 1576 signatorum,
678 1532 738 1562 ne
762 1518 915 1577 ipsius
941 1517 1199 1565 discrimen
1225 1518 1466 1565 obiciatur
1491 1518 1600 1572 sibi,
1624 1520 1921 1579 praemonet.

247 1602 334 1633 nec
373 1604 470 1635 non
496 1588 555 1635 ab
580 1590 834 1648 Aeschine,
876 1591 1013 1650 quali
1045 1592 1109 1638 sit
1140 1607 1314 1639 usurus
1340 1591 1691 1639 Demosthenes
1716 1591 1920 1650 actione,
1947 1608 1988 1638 20

248 1662 551 1722 praedictum
593 1666 676 1710 est.
719 1663 922 1711 docendi
963 1681 1155 1725 quoque
1196 1667 1391 1712 interim
1433 1664 1630 1723 iudices,
1680 1664 1798 1725 quid
1845 1680 1920 1711 ro-

247 1735 476 1796 gantibus
516 1737 808 1797 respondere
849 1737 1070 1797 debeant,
1122 1739 1253 1800 quod
1293 1743 1365 1786 est-
1411 1754 1565 1785 unum
1613 1738 1920 1798 repetitionis

248 1824 413 1871 genus.

155 1880 218 1923 21
356 1882 723 1930 Periclitantem
761 1899 875 1931 vero
916 1885 1221 1932 commendat
1262 1885 1476 1948 dignitas
1503 1889 1550 1932 et
1583 1885 1746 1933 31111113
1771 1886 1920 1932 fortia

247 1959 294 2002 et
333 1960 587 2017 susceptae
627 1957 755 2004 bello
797 1960 1047 2006 cicatrices
1080 1963 1127 2006 et
1167 1959 1400 2006 nobilitas
1449 1962 1495 2006 et
1542 1961 1718 2006 merita
1768 1961 1918 2006 maio-
1945 1974 1985 2006 25

244 2045 369 2075 rum.
410 2030 514 2090 hoc,
556 2031 685 2091 quod
724 2032 939 2092 proxime
982 2032 1096 2091 dixi,
1138 2032 1304 2080 Cicero
1347 2036 1492 2093 atque
1525 2033 1725 2080 Asinius
1766 2036 1918 2080 certa-

155 2099 219 2143 22
245 2104 336 2148 11111
376 2108 489 2151 311111
528 2106 617 2161 usi,
674 2121 761 2166 pro
804 2105 985 2153 Scauro
1025 2110 1163 2167 patre
1204 2107 1304 2164 hic,
1358 2106 1442 2152 ille
1489 2122 1577 2168 pro
1628 2106 1744 2153 filio.
1793 2121 1918 2153 com-

365 2278 385 2315 1
421 2273 468 2315 in
494 2273 686 2316 Midiam
707 2280 729 2327 ξ
750 2279 802 2316 72
825 2301 880 2306 —
898 2280 952 2317 20
971 2275 1016 2317 in
1037 2275 1236 2332 Ctesiph.
1257 2282 1279 2329 ξ
1300 2281 1380 2319 ‘207
1401 2291 1485 2331 sqq
1510 2303 1563 2307 ——
1589 2280 1642 2319 26
1669 2276 1709 2318 fr
1733 2281 1756 2318 2
1785 2275 1831 2318 M

1563 2442 1585 2455 ,-

364 2439 386 2476 3
422 2436 598 2478 00013113
632 2440 700 2479 631
734 2445 776 2479 P
798 2437 973 2480 occisus
994 2439 1072 2480 rell
1095 2440 1230 2493 suppl
1259 2439 1441 2482 Meister
1569 2454 1579 2480 1
1620 2438 1917 2482 solitudinem

251 2501 299 2535 t':
347 2494 661 2538 sollitudinem
707 2503 757 2538 ,11
807 2497 1149 2539 solicitudinem
1197 2505 1240 2539 P
1284 2497 1643 2540 sollicitudinem
1682 2498 1763 2540 rell

246 2558 296 2595 11
332 2554 546 2596 inimicus
579 2554 742 2597 fecerit
773 2563 902 2597 Ant*
926 2555 1139 2598 inimicus
1173 2555 1313 2598 fuerit
1347 2565 1382 2597 G
1414 2556 1589 2598 inimici
1623 2572 1645 2596 ιιι
1682 2577 1704 2596 »ι
1738 2572 1764 2598 *
1796 2555 1914 2598 fece-

243 2612 338 2654 rint
373 2613 582 2666 (fecerint
614 2615 663 2655 in
695 2616 787 2668 ras)
822 2623 864 2656 P
893 2615 1092 2657 inimicis
1125 2615 1173 2656 in
1199 2615 1351 2657 animo
1378 2614 1549 2657 suerint
1582 2623 1625 2657 R
1651 2621 1689 2658 et
1715 2628 1779 2658 om
1808 2615 1855 2656 in
1884 2622 1916 2664 Q

242 2670 442 2713 inimicis
478 2671 656 2714 animus
690 2672 832 2716 fuerit
864 2681 902 2714 T
1019 2679 1070 2716 16
1105 2687 1224 2728 quac
1249 2674 1375 2717 dicta
1399 2674 1644 2730 Spalding:
1674 2673 1915 2729 praedicta

363 2735 414 2772 17
463 2734 729 2785 repetentur
771 2732 1017 2789 Spaldiny:
1072 2736 1288 2788 petentur
1471 2737 1522 2775 18
1554 2731 1759 2775 Servium
1815 2731 1912 2774 Sul-

242 2789 417 2843 picium
482 2789 699 2832 Messalla
761 2791 951 2834 Schoell:
1007 2790 1186 2834 Servius
1243 2790 1472 2847 Sulpicius
1625 2797 1677 2834 19
1741 2791 1914 2835 obiciat

242 2848 411 2891 Schoell
