2007 3120
205 80 276 131 52
702 77 1077 130 QVINTILIANI
1105 76 1254 119 INST.
1290 76 1381 120 OR.

203 220 383 265 matice
414 218 648 276 nocuerit,
680 217 777 262 nisi
810 215 940 275 quod
971 230 1329 276 supervacuum
1359 218 1446 262 est.
1487 231 1550 262 an
1580 215 1690 262 11160
1715 217 1876 262 11111101·

206 295 279 339 631
317 291 378 337 M.
407 290 597 336 Tullius
638 292 818 348 orator,
866 289 997 349 quod
1042 289 1169 334 idem
1211 290 1330 335 artis
1369 288 1516 336 huius
1557 288 1874 349 diligentissi-

205 381 312 412 mus
352 365 448 410 fuit
483 366 531 410 et
573 365 626 409 in
663 362 779 422 filio,
819 364 876 408 ut
929 362 1154 421 epistulis
1203 363 1421 422 apparet,
1466 363 1596 408 recte
1643 361 1877 422 loquendi

207 454 349 498 asper
389 452 584 498 quoque
623 433 850 481 exactor?
893 437 977 481 aut
1008 436 1111 481 vim
1145 433 1192 481 C.
1221 433 1441 481 Caesaris
1474 435 1726 497 fregerunt
1756 434 1878 481 editi

119 512 181 556 35
208 512 265 558 de
306 511 534 572 analogia
571 509 720 556 libri?
784 509 871 554 aut
914 508 1023 554 11160
1069 509 1229 554 minus
1271 507 1481 555 Messala
1520 508 1721 566 nitidus,
1761 510 1878 568 quia
1924 525 1942 556 5

209 583 446 645 quosdam
476 585 607 630 totos
640 582 829 629 libellos
862 596 960 627 non
991 580 1150 627 verbis
1182 580 1326 628 modo
1359 581 1580 642 singulis,
1613 580 1698 628 sed
1728 583 1878 627 etiam

206 659 386 704 litteris
427 654 594 703 dedit?
635 671 732 702 non
773 657 973 715 opstant
1009 655 1101 700 hae
1141 654 1429 714 disciplinae
1461 670 1548 714 per
1578 654 1690 701 illas
1723 656 1878 700 eunti-

205 732 311 791 bus,
351 731 435 778 sed
475 732 603 776 circa
641 729 753 775 illas
793 727 1120 774 haerentibus.

154 806 180 849 1
316 803 451 851 VIII.
509 802 740 863 Superest
784 801 952 848 lectio:
999 803 1050 847 in
1091 816 1186 861 qua
1225 816 1346 860 puer
1383 803 1439 846 ut
1477 801 1616 860 sciat,
1653 799 1739 846 ubi
1777 815 1878 847 sus·

207 877 416 939 pendere
457 877 685 938 spiritum
723 875 910 934 debeat,
951 890 1046 935 quo
1078 874 1184 920 1060
1217 889 1411 921 versum
1443 873 1758 936 distinguere,
1795 873 1882 919 ubi
1905 892 1946 922 10

209 951 466 998 claudatur
497 965 682 1008 sensus,
721 948 848 995 unde
878 949 1099 1009 incipiat,
1132 947 1326 1007 quando
1359 946 1630 994 attollenda
1660 947 1739 993 vel
1770 946 1881 994 sub-

208 1024 450 1071 mittenda
491 1025 556 1070 sit
595 1039 701 1081 vox,
743 1037 838 1083 quo
873 1021 1086 1082 quidque
1118 1020 1258 1078 flexu,
1300 1020 1418 1080 quid
1449 1021 1628 1067 lentius
1662 1020 1880 1078 celerius,

210 1099 501 1145 concitatius
556 1098 712 1143 lenius
768 1095 1049 1154 dicendum,
1105 1094 1429 1141 demonstrari
1481 1095 1579 1141 nisi
1631 1095 1684 1139 in
1737 1109 1880 1154 opere

155 1171 182 1215 2
208 1174 316 1233 ipso
370 1187 466 1218 non
521 1172 696 1231 potest.
765 1185 918 1215 unum
973 1172 1045 1216 est
1098 1170 1265 1230 igitur,
1321 1167 1452 1228 quod
1504 1169 1555 1214 in
1603 1166 1695 1214 hac
1740 1169 1882 1227 parte

208 1246 524 1306 praecipiam,
578 1247 634 1289 ut
684 1244 850 1290 omnia
894 1244 992 1289 ista
1037 1242 1196 1288 facere
1242 1241 1420 1302 possit:
1475 1240 1746 1302 intellegat.
1817 1241 1883 1286 sit
1907 1258 1947 1289 15

211 1322 374 1366 autem
420 1320 472 1364 in
518 1317 688 1378 primis
736 1317 880 1362 lectio
926 1316 1086 1362 uirilis
1135 1318 1183 1361 et
1230 1330 1340 1361 cum
1388 1314 1631 1361 suavitate
1671 1313 1881 1374 quadam

211 1394 389 1455 gravis,
430 1394 479 1438 et
517 1407 611 1437 non
655 1390 851 1450 quidem
889 1405 1062 1449 prosae
1103 1388 1292 1445 similis,
1332 1388 1448 1448 quia
1487 1390 1535 1435 et
1575 1402 1771 1433 carmen
1809 1388 1885 1434 est

211 1469 261 1512 et
315 1481 364 1512 se
418 1469 591 1525 poetae
646 1479 816 1510 canere
869 1465 1128 1520 testantur,
1183 1477 1279 1508 non
1330 1465 1493 1508 tamen
1538 1461 1591 1506 in
1639 1460 1881 1507 canticum

211 1539 450 1586 dissoluta
487 1553 574 1584 1166
605 1538 861 1597 plasmate,
900 1539 956 1582 ut
986 1551 1112 1582 nunc
1146 1551 1172 1581 a
1205 1536 1451 1595 plerisque
1483 1533 1552 1592 fit,
1592 1533 1883 1593 effeminata,

213 1613 270 1659 de
324 1627 421 1672 quo
476 1627 648 1674 genere
704 1611 885 1671 optime
934 1608 982 1656 C.
1019 1608 1274 1656 Caesarem
1320 1610 1682 1668 praetextatum
1728 1606 1885 1653 adhuc
1910 1626 1951 1657 20

214 1688 488 1746 accepimus
552 1685 751 1731 dixisse:
831 1680 893 1730 ‘si
963 1685 1146 1738 cantas,
1207 1683 1336 1728 male
1398 1684 1580 1739 cantas,
1650 1681 1692 1727 si
1746 1680 1883 1743 legis,

157 1759 186 1803 3
213 1755 414 1808 cantas’.
478 1773 566 1805 nec
612 1758 1007 1818 prosopopoeias,
1056 1759 1111 1802 111
1159 1755 1450 1816 quibusdam
1488 1755 1664 1815 placet,
1705 1754 1765 1800 ad
1807 1768 1885 1801 60-

211 1835 392 1880 1111611111
429 1848 613 1880 morem
645 1831 954 1891 pronuntiari
995 1830 1156 1891 velim,
1198 1845 1299 1876 esse
1331 1832 1498 1876 tamen
1530 1828 1705 1874 flexum
1738 1842 1885 1888 quen-

214 1907 341 1966 dam,
390 1921 485 1966 quo
535 1906 903 1967 distinguantur
950 1903 1009 1950 ab
1056 1903 1130 1964 iis,
1178 1905 1230 1949 in
1277 1903 1451 1963 quibus
1491 1903 1639 1963 poeta
1677 1916 1886 1961 persona

157 1978 188 2023 4
214 1995 302 2028 3116
347 1983 526 2026 utetur.
597 1982 758 2025 cetera
805 1977 1136 2024 admonitione
1183 1991 1361 2037 magna
1401 1978 1558 2038 egent,
1609 1976 1661 2021 111
1698 1975 1886 2034 primis,
1913 1993 1987 2037 2⁵3

212 2057 269 2100 ut
305 2057 501 2100 tenerae
540 2055 725 2098 mentes
764 2054 1105 2111 tracturaeque
1146 2050 1293 2096 altius
1334 2048 1576 2110 quidquid
1605 2047 1805 2095 rudibus
1839 2051 1888 2094 et

215 2128 432 2175 omnium
470 2127 656 2189 ignaris
695 2125 943 2183 insederit,
982 2140 1080 2171 non
1118 2123 1261 2170 modo
1302 2138 1426 2184 quae
1459 2122 1655 2179 diserta,
1695 2121 1781 2168 3611
1811 2121 1889 2167 vel

160 2207 188 2250 5
214 2201 370 2261 magis
412 2216 535 2260 quae
574 2200 780 2245 honesta
819 2200 947 2257 sunt,
987 2197 1190 2244 discant.
1231 2197 1437 2256 ideoque
1477 2197 1660 2256 optime
1691 2196 1888 2242 institu-

215 2277 322 2320 tum
372 2276 459 2332 est,
510 2276 564 2319 ut
615 2272 674 2319 ab
723 2271 935 2318 Homero
983 2273 1131 2331 atque
1170 2270 1390 2332 Vergilio
1442 2269 1587 2316 lectio
1638 2269 1888 2330 inciperet,

217 2363 514 2408 quamquam
548 2346 610 2392 ad
639 2345 993 2407 intellegendas
1027 2360 1193 2391 eorum
1224 2345 1430 2390 virtutes
1462 2342 1674 2388 firmiore
1706 2341 1886 2388 iudicio
1912 2358 1955 2390 30

219 2436 339 2481 opus
381 2424 474 2467 est:
515 2420 599 2467 sed
636 2420 750 2466 huic
787 2419 859 2465 rei
891 2420 1114 2478 superest
1144 2420 1352 2478 tempus,
1391 2431 1546 2476 neque
1579 2416 1709 2462 enim
1740 2415 1888 2462 semel

218 2494 454 2556 legentur.
523 2494 721 2539 interim
776 2495 824 2538 et
877 2491 1179 2539 sublimitate
1232 2491 1369 2537 heroi
1422 2490 1649 2536 carminis
1697 2488 1888 2536 animus

222 2568 455 2629 adsurgat
496 2571 543 2613 et
582 2582 639 2613 ex
678 2565 1017 2628 magnitudine
1048 2581 1211 2611 rerum
1243 2565 1473 2624 spiritum
1505 2563 1652 2609 ducat
1683 2564 1732 2609 et
1763 2563 1889 2622 opti-
1979 2567 1981 2571 “

1980 2041 1987 2100 1

339 2697 362 2733 3
395 2694 448 2734 111
479 2691 526 2733 111
561 2705 629 2746 ep.
664 2693 734 2746 (ex
763 2691 835 2733 uti
867 2689 986 2746 ep.?)
1019 2698 1055 2731 Α
1201 2695 1252 2731 11
1286 2688 1493 2732 1011611116
1524 2695 1562 2729 Α
1713 2692 1767 2730 12
1799 2700 1889 2740 quo

221 2750 426 2805 quidque
458 2750 704 2806 Spaldiny:
748 2749 861 2804 quid
902 2763 1083 2804 quoque
1115 2755 1242 2790 ABP
1361 2752 1413 2789 17
1457 2746 1568 2802 quia
1600 2746 1646 2788 et
1677 2753 1735 2789 A:
1780 2744 1891 2800 quia

220 2817 310 2851 BP
426 2813 480 2851 25
514 2822 597 2851 sua
628 2822 697 2852 om
728 2811 845 2863 BP}
883 2808 1032 2850 utitur
1063 2808 1295 2851 Francius
1415 2810 1469 2848 30
1501 2804 1714 2848 firmioris
1745 2803 1892 2846 iudici

221 2876 271 2921 A,
303 2867 380 2911 sed
410 2868 472 2910 ris
504 2881 604 2911 corr
724 2871 777 2908 31
812 2869 932 2910 63361
965 2874 1050 2909 ΒΡ
1167 2870 1221 2907 32
1253 2864 1427 2907 heroici
1457 2871 1545 2906 BP
