2055 3130
0 108 3 192 ἵ
789 84 846 129 V.
880 89 949 137 13,
983 87 1169 127 28—36.
1714 84 1822 135 293

0 199 2 240 t
140 223 525 273 exheredatum?
583 228 633 271 at
671 225 791 271 haec
832 223 998 271 Cicero
1048 239 1269 286 pugnare
1323 222 1534 270 invicem
1581 224 1816 270 ostendit:
1848 222 1911 266 33

143 296 246 347 ‘sed
284 303 355 359 tu,
393 299 517 359 Atti,
559 298 849 357 consideres,
890 312 1074 357 censeo,
1115 296 1399 359 diligenter,
1446 300 1613 343 utrum
1660 312 1822 343 censo-

139 376 268 420 rium
307 372 545 420 iudicium
586 387 734 435 grave
773 371 895 418 velis
937 386 1039 418 esse
1073 386 1135 417 an
1168 370 1365 432 Egnati.
1407 370 1449 417 si
1479 370 1678 432 Egnati,
1717 371 1823 416 leve

142 451 229 506 est,
271 446 400 507 quod
441 461 660 493 censores
701 445 759 491 de
801 446 973 492 ceteris
1021 444 1436 505 subscripserunt,
1482 444 1647 504 ipsum
1694 445 1824 490 enim

98 537 116 569 5
144 519 365 567 Gnaeum
403 520 687 581 Egnatium,
728 535 872 580 quem
910 522 966 564 tu
1007 534 1207 581 gravem
1256 534 1357 566 esse
1403 519 1495 577 vis,
1543 534 1599 564 ex
1649 521 1825 565 senatu

143 595 401 641 eiecerunt.
444 594 519 640 sin
545 596 709 640 autem
735 608 1003 651 censorum,
1036 593 1165 639 hunc
1190 592 1477 654 Egnatium,
1511 608 1657 652 quem
1680 594 1824 652 pater

143 669 363 716 censoria
396 667 755 727 subscriptione
790 666 1117 726 exheredavit,
1153 681 1373 713 censores
1405 667 1457 712 in
1491 669 1678 725 senatU,
1711 681 1824 713 cum

141 746 333 802 patrem
374 741 643 799 eiecissent,
682 736 1026 787 retinuerunt'.
1066 740 1154 787 illa
1194 741 1354 802 magis
1379 739 1557 787 vitiose
1591 739 1823 786 dicuntur
1848 737 1913 782 34

143 832 290 876 quam
342 817 482 862 acute
530 815 913 876 reprenduntur,
962 816 1307 876 argumentum
1355 813 1556 860 dubium
1604 829 1693 875 pro
1741 829 1823 858 ne-

73 907 117 938 10
142 890 375 948 cessario,
429 890 797 935 controversum
858 903 947 949 pro
999 889 1234 947 confesso,
1297 903 1551 935 commune
1600 887 1824 948 pluribus

140 979 228 1023 pro
290 965 506 1023 proprio,
568 963 787 1025 vulgare,
843 977 1219 1023 supervacuum,
1275 963 1599 1009 constitutum
1654 964 1826 1008 contra

139 1037 298 1084 fidem.
340 1052 456 1083 nam
496 1040 545 1083 et
583 1037 671 1083 illa
712 1036 941 1083 accidunt
978 1052 1155 1096 parum
1195 1038 1366 1098 cautis,
1418 1038 1474 1083 ut
1515 1037 1699 1082 crimen
1739 1049 1823 1081 au-

140 1112 304 1173 geant,
346 1110 477 1171 quod
515 1110 825 1171 probandum
867 1114 954 1169 est,
1006 1110 1063 1156 de
1103 1110 1235 1157 facto
1284 1110 1560 1170 disputent,
1609 1125 1719 1157 cum
1767 1110 1824 1155 de

141 1187 342 1232 auctore
390 1188 672 1245 quaeratur,
727 1184 1040 1245 inpossibilia
1080 1184 1456 1247 adgrediantur,
1503 1200 1592 1245 pro
1642 1183 1824 1230 effectis

74 1276 116 1308 15
140 1259 423 1319 relinquant
462 1259 664 1306 vixdum
702 1259 948 1319 incohata,
1001 1258 1058 1304 de
1109 1258 1305 1305 homine
1358 1258 1515 1305 dicere
1566 1273 1716 1319 quam
1767 1257 1825 1304 de

143 1348 292 1380 causa
329 1333 521 1392 malint,
559 1333 816 1379 hominum
854 1333 978 1379 vit-ia
1017 1333 1160 1380 rebus
1202 1332 1475 1394 adsignent,
1522 1335 1579 1379 ut
1625 1333 1667 1380 si
1714 1333 1825 1392 quis
1851 1337 1914 1381 35

143 1406 530 1454 decemviratum
571 1410 780 1467 accuset,
820 1423 918 1454 non
950 1406 1185 1468 Appium,
1225 1407 1501 1454 manifestis
1533 1409 1825 1468 repugnent,

142 1481 309 1528 dicant
350 1481 480 1542 quod
522 1482 668 1528 aliter
708 1481 867 1542 accipi
905 1483 1076 1542 possit,
1118 1497 1360 1528 summam
1394 1480 1697 1542 quaestionis
1728 1496 1826 1527 non

140 1557 446 1614 intueantur,
501 1571 600 1602 non
651 1555 713 1602 ad
767 1557 1023 1616 proposita
1071 1555 1426 1616 respondeant:
1492 1554 1625 1616 quod
1674 1571 1827 1600 unum

74 1646 117 1677 20
144 1629 411 1690 aliquando
465 1630 621 1690 recipi
670 1632 854 1690 potest,
920 1644 1031 1676 cum
1080 1631 1213 1676 mala
1265 1644 1413 1677 causa
1464 1629 1699 1676 adhibitis
1749 1644 1827 1674 ex—

140 1704 381 1750 trinsecus
428 1704 658 1751 remediis
712 1703 897 1750 tuenda
962 1706 1048 1762 est,
1111 1706 1168 1750 ut
1231 1719 1341 1750 cum
1394 1704 1653 1764 peculatus
1714 1717 1826 1749 reus

140 1777 318 1824 Verres
358 1777 554 1824 fortiter
594 1780 642 1825 et
681 1778 923 1825 industrie
963 1778 1121 1825 tuitus
1163 1780 1336 1825 contra
1374 1780 1563 1839 piratas
1606 1776 1826 1824 Siciliam

144 1851 338 1898 dicitur.

252 1925 438 1972 Eadem
479 1925 711 1973 adversus
752 1926 1164 1974 contradictiones
1204 1926 1343 1973 nobis
1385 1925 1636 1987 oppositas
1686 1941 1825 1987 prae·
1853 1930 1916 1974 36

74 2016 117 2048 25
144 2002 286 2060 cepta
328 2002 454 2059 sunt,
495 2000 586 2047 hoc
624 2003 789 2047 tamen
826 2001 1052 2061 amplius,
1094 2000 1225 2060 quod
1258 2002 1386 2047 circa
1419 2016 1500 2048 eas
1532 1999 1676 2046 multi
1709 2000 1827 2047 duo-

140 2074 232 2120 bus
272 2074 409 2121 vitiis
452 2074 656 2122 diversis
696 2074 938 2122 laborant.
979 2091 1095 2122 nam
1135 2074 1338 2135 quidam
1378 2076 1529 2121 etiam
1560 2072 1680 2134 <in>
1720 2073 1826 2120 foro

139 2150 396 2209 tamquam
435 2163 539 2195 rem
577 2149 838 2196 molestam
879 2153 927 2195 et
960 2149 1180 2196 odiosam
1211 2151 1528 2210 praetereunt
1568 2147 1656 2207 (eis
1698 2149 1828 2194 enim

139 2222 444 2283 plerumque,
486 2238 612 2283 quae
653 2223 925 2284 composita
967 2223 1109 2270 domo
1144 2223 1434 2283 attulerunt,
1475 2222 1691 2270 contenti
1724 2223 1827 2268 sine

143 2296 425 2343 adversario
467 2289 674 2362 dicunt),
716 2300 764 2344 et
804 2297 991 2344 scilicet
1030 2297 1187 2344 multo
1227 2299 1388 2359 magis
1426 2297 1480 2342 in
1528 2297 1729 2355 scholiS,
1775 2297 1828 2342 in

74 2387 117 2418 30
144 2370 322 2430 quibus
355 2387 453 2417 non
487 2371 646 2418 solum
680 2371 1091 2418 contradictiones
1126 2371 1442 2431 omittuntur,
1473 2387 1643 2418 verum
1677 2372 1827 2417 etiam

261 2532 282 2568 1
320 2540 342 2569 c
375 2531 446 2580 48,
481 2531 564 2569 135

260 2664 284 2701 5
319 2658 528 2702 Gnaeum
563 2662 748 2704 Baiter:
781 2675 926 2717 genus
959 2669 995 2701 A
1030 2675 1100 2704 om
1131 2669 1220 2703 BP
1339 2665 1362 2703 6
1398 2660 1658 2703 censorium
1690 2667 1734 2701 P

142 2722 166 2760 9
201 2732 342 2772 quam
373 2727 433 2762 P:
467 2720 592 2773 quod
622 2728 707 2762 AB
829 2725 882 2763 10
915 2719 1127 2775 pluribus
1161 2735 1231 2764 om
1261 2728 1307 2762 B
1437 2725 1486 2762 11
1523 2719 1826 2762 constitutum

139 2785 202 2819 B:
238 2792 417 2820 servum
448 2786 516 2820 Ab
550 2779 695 2821 serius
730 2780 1035 2822 constitutum
1062 2780 1169 2821 ΡΤ2
1263 2784 1315 2821 16
1348 2779 1464 2821 vitia
1493 2778 1699 2822 Obrecht:
1729 2777 1828 2819 vita

140 2844 176 2877 Α
208 2836 354 2878 vitam
384 2845 474 2879 BP
591 2843 645 2880 22
678 2840 860 2881 tutatus
886 2838 949 2880 P2
1070 2844 1125 2882 26
1158 2839 1207 2880 in
1240 2839 1334 2882 add
1359 2839 1530 2895 Regyius
1673 2842 1724 2878 27
1761 2836 1826 2878 eis

142 2896 285 2952 enim]
320 2897 366 2938 et
398 2896 521 2938 enim
553 2904 642 2939 BP
671 2899 717 2940 et
747 2897 820 2940 his
852 2906 889 2939 A
923 2900 977 2953 (is
1010 2899 1085 2954 ⁴1¹)
1208 2902 1264 2940 30
1296 2911 1390 2940 non
1422 2911 1491 2940 om
1523 2904 1607 2939 AB
