2007 3120
219 91 323 143 112
731 92 1105 145 QVINTILIANI
1136 93 1286 138 INST.
1320 94 1412 138 OR.

213 231 297 277 ille
338 229 596 278 caelestis?
638 247 786 292 quare
825 233 862 279 si
898 232 1022 279 nihil
1055 247 1083 278 a
1115 232 1208 279 diis
1241 235 1461 280 oratione
1493 235 1666 283 melius
1699 237 1883 296 accepi-

215 319 340 362 mus,
381 304 499 364 quid
538 307 640 350 tam
680 305 883 368 dignum
922 306 1059 352 cultu
1098 321 1154 352 ac
1203 306 1369 353 labore
1416 307 1650 355 ducamus
1698 310 1786 354 aut
1831 310 1882 354 in

215 393 310 437 quo
350 378 577 424 malimus
616 381 866 438 praestare
896 378 1190 437 hominibus,
1229 395 1377 440 quam
1411 395 1505 439 quo
1536 382 1635 440 ipsi
1664 381 1882 428 homines

126 450 186 494 18
215 452 386 497 ceteris
427 451 721 498 animalibus
760 454 1028 512 praestant,
1069 467 1124 498 eo
1166 452 1362 512 quidem
1385 455 1558 515 magis,
1591 454 1722 514 quod
1745 454 1882 500 nulla

211 525 263 569 in
303 525 408 570 arte
446 524 638 583 plenius
677 524 817 571 labor
856 527 1069 586 gratiam
1106 523 1287 571 refert?
1326 525 1379 572 id
1418 526 1536 573 adeo
1567 527 1882 584 manifestum
1929 544 1947 575 5

214 598 320 655 erit,
360 598 404 642 si
427 599 822 658 cogitaverimus,
860 598 988 644 unde
1028 600 1077 645 et
1117 614 1212 659 quo
1253 613 1404 659 usque
1436 601 1537 645 iam
1560 603 1792 661 provecta
1816 602 1883 647 sit

124 669 187 713 19
214 670 386 716 orandi
424 670 658 717 facultas:
699 673 748 717 et
787 671 945 717 adhuc
984 673 1155 734 augeri
1191 674 1366 732 potest.
1407 688 1521 719 nam
1552 675 1609 719 ut
1641 675 1881 732 omittam,

212 742 467 789 defendere
507 745 704 803 amicos,
742 760 908 807 regere
948 746 1165 792 consiliis
1206 747 1428 792 senatum
1460 747 1710 806 populum,
1750 762 1880 793 exe-r-

211 817 362 862 citum
401 818 454 863 in
493 832 617 876 quae
656 818 777 864 velit
816 817 1002 876 ducere,
1058 834 1206 879 quam
1245 820 1310 865 sit
1355 819 1477 865 utile
1524 821 1881 880 conveniatque

208 888 335 935 bono
375 891 502 936 viro:
541 906 701 937 nonne
739 892 965 951 pulcrum
1003 892 1081 937 vel
1119 892 1209 938 hoc
1247 893 1411 952 ipsum
1444 894 1516 939 est
1547 908 1604 938 ex
1635 895 1881 940 communi
1906 909 1947 940 10

207 963 464 1009 intellectu
495 963 767 1025 verbisque,
801 965 975 1025 quibus
1007 967 1215 1011 utuntur
1240 980 1420 1024 omnes,
1451 967 1646 1012 tantum
1678 966 1882 1026 adsequi

209 1036 369 1082 laudis
410 1039 458 1082 et
497 1036 698 1098 gloriae,
737 1040 793 1084 ut
831 1054 929 1085 non
967 1039 1106 1098 loqui
1144 1041 1193 1085 et
1218 1053 1369 1096 orare,
1409 1038 1507 1098 sed,
1548 1039 1676 1099 quod
1701 1039 1881 1086 Pericli

207 1111 433 1172 contigit,
472 1110 658 1172 fulgere
699 1127 754 1158 ac
792 1114 963 1158 tonare
1002 1110 1248 1158 videaris?

916 1221 1020 1278 [AN
1053 1221 1199 1279 ΑΗΒ]

145 1315 174 1357 1
317 1315 472 1361 XVII.
525 1315 661 1363 Finis
701 1332 797 1363 non
838 1319 944 1374 erit,
996 1319 1038 1364 si
1077 1319 1344 1377 exspatiari
1396 1318 1449 1363 iu
1497 1320 1638 1378 parte
1687 1318 1780 1365 hac
1831 1321 1878 1364 et
1904 1334 1942 1365 15

207 1388 458 1451 indulgere
497 1390 746 1450 voluptati
784 1391 944 1436 velim.
985 1393 1288 1437 transeamus
1320 1392 1475 1453 igitur
1506 1391 1569 1437 ad
1600 1407 1707 1437 eam
1733 1407 1877 1451 quae-

148 1461 178 1504 2
208 1463 429 1521 stionem,
463 1479 586 1524 quae
620 1465 854 1523 sequitur,
895 1479 964 1510 an
1002 1464 1300 1510 rhetorice
1341 1479 1433 1510 ars
1474 1466 1566 1511 sit.
1608 1464 1740 1524 quod
1771 1467 1876 1525 qui-

208 1536 316 1582 dem
356 1536 475 1582 adeo
516 1552 572 1582 ex
610 1538 686 1595 iis,
728 1539 813 1597 qui
851 1544 1114 1598 praecepta
1146 1537 1338 1583 dicendi
1372 1537 1696 1596 tradiderunt,
1735 1553 1875 1584 nemo

207 1608 470 1668 dubitavit,
523 1612 579 1656 ut
633 1612 782 1656 etiam
828 1612 948 1670 ipsis
1004 1610 1239 1657 librorum
1293 1611 1454 1658 titulis
1509 1613 1745 1658 testatum
1798 1613 1876 1669 sit,

206 1684 412 1742 scriptos
446 1698 525 1730 eos
558 1682 614 1729 de
641 1687 745 1730 arte
769 1685 1028 1742 rhetorica,
1069 1682 1235 1730 Cicero
1260 1700 1374 1731 vero
1400 1686 1564 1743 etiam,
1606 1700 1732 1745 quae
1769 1684 1874 1731 rhe-
1901 1701 1942 1731 20

204 1758 355 1802 torice
432 1760 653 1812 vocetur,
731 1753 852 1804 ‘esse
925 1757 1241 1804 artificiosam
1310 1753 1659 1818 eloquentiam'
1729 1758 1874 1804 dicat.

207 1829 336 1890 quod
381 1845 480 1875 non
519 1833 735 1877 oratores
775 1833 969 1878 tantum
1008 1831 1334 1891 vindicarunt,
1375 1835 1430 1878 ut
1469 1832 1647 1878 studiis
1688 1831 1877 1892 aliquid

205 1905 304 1950 suis
345 1905 647 1963 praestitisse
686 1904 961 1962 videantur,
1001 1904 1084 1951 sed
1117 1920 1225 1950 cum
1256 1907 1318 1952 iis
1342 1905 1624 1966 philosophi
1649 1908 1696 1951 et
1722 1904 1876 1951 Stoici

142 1975 177 2018 3
206 1979 254 2022 et
292 1977 608 2036 Peripatetici
645 1978 867 2038 plerique
908 1980 1233 2025 consentiunt.
1275 1993 1330 2024 ac
1367 1994 1443 2024 me
1483 1977 1729 2025 dubitasse
1762 1993 1874 2024 con-

204 2049 357 2109 fiteor,
399 2066 460 2097 an
500 2051 624 2097 hanc
664 2055 855 2112 partem
909 2053 1212 2112 quaestionis
1262 2051 1575 2098 tractandam
1624 2054 1873 2112 putarem3
1898 2067 1938 2098 25

204 2139 319 2169 nam
352 2126 459 2184 quis
500 2127 573 2170 est
612 2124 732 2172 adeo
772 2140 867 2171 non
908 2125 968 2171 ab
1009 2125 1281 2171 eruditione
1327 2125 1493 2183 modo,
1540 2125 1625 2172 sed
1663 2140 1692 2170 a
1731 2140 1873 2172 sensu

202 2200 418 2244 remotus
458 2198 683 2256 hominis,
722 2202 777 2244 ut
816 2198 1090 2244 fabricandi
1128 2198 1325 2258 quidem
1350 2202 1397 2245 et
1420 2198 1616 2245 texendi
1639 2202 1688 2244 et
1719 2199 1872 2245 eluto

203 2285 320 2316 vasa
362 2270 569 2317 ducendi
609 2274 763 2317 artem
801 2274 955 2331 putet,
993 2272 1266 2318 rhetoricen
1308 2276 1471 2318 autem
1509 2273 1777 2318 maximum
1816 2287 1871 2318 ac

202 2344 604 2403 pulcherrimum,
650 2347 706 2391 ut
752 2361 900 2405 supra
952 2345 1183 2402 diximus,
1238 2361 1361 2406 opus
1415 2347 1467 2391 in
1513 2348 1617 2391 tam
1663 2345 1871 2392 sublime

149 2415 177 2458 4
203 2419 456 2479 fastigium
497 2420 741 2465 existimet
779 2421 881 2465 sine
921 2422 1025 2465 arte
1064 2417 1284 2465 venisse?
1339 2418 1562 2479 equidem
1613 2418 1740 2478 illos,
1786 2420 1871 2478 qui
1895 2433 1937 2465 30

204 2497 374 2537 contra
414 2491 802 2552 disputaverunt,
843 2508 941 2539 non
978 2495 1082 2538 tam
1121 2492 1172 2538 id
1211 2494 1431 2550 sensisse,
1472 2491 1602 2552 quod
1641 2491 1902 2552 dicerent„

323 2578 389 2644 ΙΞ
408 2602 642 2657 Aristoph.
678 2603 874 2645 Acharn.
910 2608 1008 2655 530,
1042 2607 1123 2645 531
1161 2629 1214 2634 —
1248 2607 1302 2644 20
1335 2602 1400 2644 De
1432 2602 1521 2644 inv.
1558 2607 1595 2655 1,
1630 2608 1669 2654 ὁ,
1704 2606 1728 2644 6

321 2711 345 2748 5
379 2706 426 2747 in
457 2708 588 2761 parte
622 2714 708 2747 BP
737 2706 852 2761 prob
894 2706 1084 2749 Vollmer
1123 2706 1206 2748 coll
1238 2705 1348 2748 Stat.
1389 2705 1486 2748 silv.
1519 2709 1544 2747 1
1573 2705 1720 2759 praef.
1753 2710 1777 2747 1

199 2769 227 2807 6
260 2765 380 2806 unde
412 2778 481 2807 om
512 2773 556 2807 Β
586 2766 635 2807 in
667 2765 833 2808 lacuna
866 2766 1034 2807 maiore
1125 2769 1149 2806 9
1181 2764 1278 2805 vult
1309 2771 1397 2805 BP
1484 2768 1535 2805 11
1570 2766 1762 2806 utantur
1785 2771 1872 2805 ΒΡ

322 2827 373 2865 13
406 2823 638 2879 fulgurare
670 2831 754 2865 ΑΡ
846 2828 898 2865 18
932 2823 1003 2865 his
1035 2831 1118 2865 AB
1236 2827 1291 2864 ‘20
1324 2822 1466 2864 etiam
1488 2829 1591 2864 BP:
1626 2835 1680 2864 ea
1704 2830 1740 2864 A
1765 2835 1868 2864 eam

199 2883 340 2926 Halm
464 2887 518 2924 22
550 2881 814 2924 iudicarunt
846 2890 890 2924 P
1007 2887 1059 2924 27
1093 2896 1116 2924 e
1150 2895 1219 2925 om
1251 2889 1338 2923 BP
