2055 3130
33 889 76 918 10

0 1239 74 1315 315

745 68 800 111 V.
836 72 906 121 10,
938 32 1126 111 46—56.
1671 66 1779 118 259

97 208 246 269 idque
285 212 392 255 tum
433 208 494 254 ad
535 208 828 268 qualitatem
861 207 1196 268 scriptumque
1221 205 1451 266 pertinet,
1492 208 1547 251 ut
1572 206 1613 252 si
1636 221 1780 267 nege-

97 298 205 329 mus
246 281 528 328 adulterum
566 296 752 329 veneno
791 281 989 328 licuisse
1030 280 1269 338 occidere,
1323 282 1430 326 tum
1482 279 1544 326 ad
1594 279 1780 325 coniec-

97 359 235 403 turas
277 371 485 416 quoque,
525 359 581 401 ut
621 357 663 402 si
703 355 864 401 dicam
905 351 1053 401 ‘bona
1092 357 1254 400 mente
1295 352 1496 412 factum,
1544 352 1654 399 ideo
1694 368 1781 413 pa·-

96 431 213 488 lam,
252 430 396 488 mala,
437 429 546 476 ideo
587 445 644 475 ex
682 429 889 487 insidiis,
927 432 1084 486 nocte,
1123 427 1175 473 in
1215 422 1513 474 solitudine'.

209 503 268 549 In
306 503 448 550 rebus
498 506 664 549 autem
716 502 959 562 omnibus,
1014 501 1072 548 de
1125 517 1333 562 quarum
1387 502 1438 546 vi
1492 515 1547 546 ao
1602 502 1781 546 natura

101 578 357 637 quaeritur
397 591 615 637 quasque
656 577 807 623 etiam
847 576 971 623 citra
1005 576 1309 636 complexum
1350 589 1670 635 personarum
1711 589 1784 620 ce-

98 653 428 712 terorumque,
471 667 527 697 ex
569 650 745 710 quibus
784 649 840 695 fit
881 665 1042 709 causa,
1081 665 1170 710 per
1210 665 1259 696 se
1291 650 1478 694 intueri
1507 663 1783 709 possumus,

98 726 197 771 tria
238 724 340 772 sine
382 724 530 771 dubio
569 740 740 771 rursus
789 724 1057 785 spectanda
1104 726 1240 770 sunt:
1296 739 1359 768 an
1407 723 1486 781 sit,
1539 721 1658 782 quid
1705 721 1782 779 sit,

99 799 246 859 quale
287 800 364 846 sit.
407 798 488 845 sed
531 799 648 859 quia
687 802 801 845 sunt
841 798 1043 859 quidam
1089 797 1184 844 loci
1233 800 1636 858 argument-orum
1684 811 1783 842 om-

100 872 244 919 nibus
293 887 590 930 communes,
640 872 793 918 dividi
848 872 967 918 haec
1022 873 1122 918 tria
1176 886 1354 932 genera
1410 886 1509 917 non
1562 872 1784 931 possunt,

99 946 307 1007 ideoque
345 946 466 993 locis
505 947 687 1007 potius,
737 948 793 992 ut
831 947 884 991 in
925 961 1145 1006 quosque
1182 946 1448 1004 incurrent,
1501 943 1785 991 subicienda

100 1023 229 1067 sunt.
272 1020 520 1067 ducuntur
560 1036 673 1082 ergo
716 1024 1005 1082 argumenta
1046 1035 1103 1066 ex
1140 1018 1363 1065 finitione
1397 1034 1482 1065 seu
1512 1018 1628 1075 fine;
1669 1033 1785 1063 nam

99 1096 310 1154 utroque
349 1094 493 1141 modo
533 1094 762 1141 traditur.
812 1095 915 1141 eius
964 1094 1143 1155 duplex
1188 1094 1316 1139 ratio
1366 1096 1459 1139 est:
1516 1094 1601 1138 aut
1656 1093 1787 1137 enim

99 1168 421 1228 praecedente
475 1167 700 1215 finitione
764 1168 1030 1228 quaeritur,
1109 1169 1234 1214 sitne
1298 1167 1387 1213 hoc·
1457 1168 1637 1224 virtus,
1702 1169 1788 1212 aut

100 1242 405 1303 simpliciter,
454 1242 573 1303 quid
613 1244 678 1289 sit
716 1243 890 1289 virtus.
930 1241 981 1288 id
1022 1244 1110 1288 aut
1149 1241 1433 1287 universum
1471 1240 1634 1287 verbis
1676 1255 1787 1287 oon-

100 1317 377 1377 plectimur,
416 1320 472 1363 ut
513 1311 772 1363 ‘rhetorice
813 1320 887 1363 est
917 1315 1038 1363 bene
1072 1315 1266 1363 dicendi
1299 1310 1540 1373 scientia’,
1583 1316 1669 1361 aut
1700 1329 1789 1374 per

100 1394 283 1451 part-es,
322 1394 377 1437 ut
419 1385 677 1437 erhetorice
718 1394 792 1438 est-
830 1390 1116 1437 inveniendi
1153 1392 1284 1436 recte
1325 1392 1373 1436 et-
1406 1388 1698 1449 disponendi
1739 1390 1788 1434 et

101 1464 365 1525 eloquendi
405 1480 515 1511 cum
552 1464 695 1511 firma
744 1466 983 1511 memoria
1031 1469 1080 1510 et-
1128 1479 1238 1510 cum
1285 1463 1529 1525 dignitate
1578 1464 1787 1509 actionis

103 1534 344 1585 scientia'.
394 1544 650 1600 praeterea
697 1538 893 1586 finimus
942 1542 1026 1584 aut
1078 1540 1142 1594 vi,
1197 1539 1323 1585 sicut
1379 1538 1646 1597 superiora,
1703 1538 1789 1582 aut
1815 1535 1836 1575 ἴ

102 1610 404 1678 ἐτυμολογίᾳ,
456 1616 514 1659 ut
554 1615 596 1659 si
636 1613 888 1659 assiduum
928 1613 988 1660 ab
1037 1628 1146 1658 aere
1195 1611 1356 1658 dando
1406 1617 1453 1657 et
1491 1611 1790 1672 locupletem

102 1702 132 1733 a
170 1686 404 1746 locorum,
442 1687 764 1748 pecuniosum
797 1703 824 1733 a
856 1702 1089 1748 pecorum
1122 1688 1274 1747 copia.
1316 1685 1531 1732 finitioni
1563 1684 1789 1732 subiecta

101 1762 312 1807 maxime
363 1761 597 1808 videntur
647 1776 814 1823 genus,
868 1762 1074 1822 species,
1127 1760 1369 1818 differens,
1417 1760 1692 1820 proprium:
1733 1775 1790 1805 ex

101 1834 162 1882 iis
219 1835 443 1881 omnibus
492 1838 782 1898 argumenta
838 1835 1095 1882 ducuntur.
1153 1849 1304 1897 genus
1362 1834 1423 1880 ad
1484 1833 1791 1894 probandam

104 1910 318 1969 speciem
356 1910 618 1955 minimum
658 1910 804 1969 valet,
845 1909 1114 1970 plurimum
1155 1908 1216 1955 ad
1246 1907 1582 1955 refellendam.
1622 1907 1790 1968 itaque

35 2021 53 2029 -
102 1998 215 2046 non,
273 1983 389 2043 quia
450 1987 522 2030 est
578 1983 734 2044 arbor,
804 1984 1037 2044 platanus
1100 1987 1188 2041 est,
1252 1987 1303 2029 at
1366 1981 1497 2043 quod
1558 1998 1655 2028 non
1719 1986 1790 2028 est

105 2056 265 2115 arbor,
340 2057 512 2118 utique
589 2058 822 2118 platanus
899 2073 998 2104 non
1083 2061 1177 2105 est:
1254 2072 1342 2103 nec
1420 2056 1548 2116 quod
1632 2057 1790 2102 virtus

104 2135 192 2191 est,
231 2132 405 2192 utique
445 2132 639 2178 iustitia
691 2134 785 2192 est,
834 2135 884 2178 at
933 2131 1064 2192 quod
1111 2146 1209 2177 non
1261 2135 1333 2177 est
1387 2132 1562 2188 virtus,
1616 2131 1791 2190 utique

103 2221 202 2251 non
240 2208 406 2266 potest
446 2222 549 2253 esse
581 2207 789 2253 iustitia.
832 2201 1024 2269 [itaque
1064 2201 1164 2267 (a)
1197 2221 1372 2267 genere
1404 2204 1792 2265 perveniendum

106 2279 168 2325 ad
207 2279 438 2326 ultimam
477 2281 704 2341 speciem,
752 2283 807 2326 ut-
849 2276 1013 2328 ‘homo
1055 2284 1127 2327 est-
1168 2275 1370 2325 animal'
1413 2295 1512 2325 non
1552 2282 1624 2325 est
1658 2279 1791 2335 satis,

227 2412 248 2448 1
282 2408 383 2448 tum
424 2420 489 2449 om
531 2407 638 2448 ΒΡ1
835 2411 858 2447 2
910 2405 1174 2448 adulterum
1215 2420 1318 2448 cum
1365 2418 1539 2447 veneno
1583 2404 1794 2446 licuisset

106 2478 198 2507 oce.
226 2466 401 2519 partim
433 2467 484 2508 in
515 2480 595 2508 ‘ras
625 2474 662 2506 Α
696 2465 767 2507 ad.
802 2479 900 2509 ven.
941 2465 1128 2508 licuisse
1170 2479 1261 2508 ooo.
1306 2465 1385 2507 sed
1424 2465 1497 2507 vel
1536 2463 1672 2517 (ferro
1713 2462 1792 2517 ΡΞ)

108 2524 366 2578 oportuisse
398 2532 488 2566 BP
512 2526 517 2579 Ι
545 2528 645 2566 tum
679 2525 739 2567 ad
771 2539 841 2568 om
871 2533 917 2567 B
1037 2529 1061 2567 3
1093 2524 1293 2579 ideoque
1317 2532 1406 2566 BP
1524 2528 1548 2566 6
1582 2524 1698 2565 cit-ra
1732 2530 1793 2565 P:

109 2582 231 2625 circa
270 2591 354 2625 AB
474 2590 525 2625 11
560 2588 613 2626 ut
646 2598 853 2639 quosque
886 2592 984 2636 BP,
1019 2602 1043 2624 »ι
1070 2600 1096 2627 20<
1129 2584 1179 2626 in
1204 2598 1318 2638 quos
1343 2592 1380 2624 A
1505 2588 1557 2625 12
1593 2597 1672 2624 seu
1702 2582 1794 2624 fine

107 2668 164 2673 —
196 2642 398 2684 traditur
430 2644 500 2686 dez
532 2644 783 2687 Volkmann
906 2647 959 2685 13
986 2643 1085 2686 eius
1111 2657 1181 2686 om
1204 2651 1242 2684 ,1
1365 2647 1538 2684 14—15
1572 2641 1793 2696 simplici-

107 2704 179 2744 ter
203 2706 244 2744 et
264 2702 573 2756 praecedente
608 2704 687 2757 (sic
717 2711 754 2744 A
797 2704 853 2747 Vt
878 2717 913 2758 p
946 2706 1052 2757 398,
1100 2702 1404 2745 antecedente
1437 2709 1481 2743 P
1510 2701 1703 2744 cedente
1734 2708 1792 2755 B)

108 2760 320 2803 finitione
344 2764 608 2816 transposui
632 2776 730 2805 cum
774 2763 830 2805 Vt
950 2767 1004 2803 20
1040 2762 1076 2803 51
1103 2776 1169 2805 om
1196 2769 1286 2803 ΒΡ
1404 2765 1457 2803 26
1474 2763 1530 2803 ’Ξῖ
1557 2760 1682 2815 quod
1706 2760 1795 2801 vir-

107 2822 184 2862 tus
218 2821 289 2862 est
318 2819 482 2873 utique
513 2820 697 2863 iustitia
729 2824 801 2863 est
833 2823 882 2863 at
913 2835 983 2864 om
1014 2829 1102 2863 BP
1130 2820 1313 2863 iustitia
1347 2823 1417 2862 est
1453 2822 1501 2862 at
1541 2819 1666 2873 quod
1701 2832 1794 2860 non

109 2881 181 2921 est
198 2879 343 2922 virtus
358 2892 426 2922 om
444 2887 502 2922 A:
521 2881 699 2936 supplet
723 2881 779 2922 Vt
893 2885 946 2922 27
968 2881 1139 2924 seclusa
1153 2881 1304 2924 omisit
1330 2881 1386 2923 Vv'
1413 2882 1417 2935 ἱ
1447 2893 1474 2921 a
1499 2878 1593 2922 add
1610 2878 1795 2921 Badius

1442 2952 1527 2993 17*

1807 499 1871 543 53
