2007 3120
214 89 280 139 16
710 87 1083 140 QWNTILIANI
1113 87 1263 130 INST.
1298 87 1392 131 ΟΒ.

210 227 337 274 diem
379 230 754 287 consumpturus
794 229 879 274 est.
920 229 1007 273 aut
1044 229 1206 286 potest
1246 241 1346 273 esse
1379 227 1482 273 ulla
1512 230 1615 273 tam
1646 229 1884 286 perpetua

211 301 440 347 discentis
493 300 725 359 intentio,
780 315 907 360 quae
959 315 1059 346 non
1109 304 1166 346 ut
1215 300 1349 346 visus
1404 299 1655 347 oculorum
1709 298 1885 347 obtutu

212 375 444 421 continuo
477 374 728 434 fatigetur,
768 388 878 420 cum
908 374 1198 432 praesertim
1228 373 1384 419 multo
1417 374 1527 432 plus
1559 373 1733 420 secreti
1761 374 1883 419 tem-

123 451 184 494 12
211 449 344 507 poris
392 446 555 494 studia
602 444 908 493 desiderent?
969 461 1125 505 neque
1173 447 1303 492 enim
1341 445 1588 504 scribenti,
1638 445 1886 504 ediscenti,

212 521 452 582 cogitanti
505 523 792 580 praeceptor
845 519 1061 565 adsistit:
1125 534 1331 579 quorum
1386 518 1575 578 aliquid
1628 518 1886 581 agentibus
1933 536 1952 566 5

212 594 560 653 cuiuscumque
615 593 919 639 interventus
966 591 1299 651 inpedimento
1347 595 1431 639 est.
1493 591 1638 638 lectio
1694 607 1887 653 quoque

210 682 309 713 non
357 668 514 713 omnis
561 681 647 712 nec
696 681 885 724 semper
930 669 1195 724 praeeunte
1245 665 1324 711 vel
1362 666 1716 724 interpretante
1756 668 1887 727 eget:

212 739 408 800 quando
460 739 588 785 enim
625 742 701 785 tot
742 742 997 785 auctorum
1036 739 1214 785 notitia
1253 736 1589 800 contingeret?
1643 738 1889 784 modicum

214 829 327 875 ergo
365 816 558 872 tempus
599 816 684 869 est,
725 827 819 872 quo
860 811 910 857 in
948 814 1109 859 totum
1141 811 1270 857 diem
1303 812 1438 858 velut
1470 827 1591 871 opus
1624 811 1889 868 ordinetur,

127 890 186 934 13
211 886 418 946 ideoque
463 901 550 945 per
595 886 758 945 plures
805 885 876 931 ire
923 889 1127 944 possunt
1177 887 1326 931 etiam
1373 900 1497 945 quae
1544 885 1750 946 singulis
1788 887 1889 931 tra-
1915 902 1956 932 ιο

214 959 373 1006 denda
414 962 539 1005 sunt.
609 960 843 1018 pleraque
887 974 1002 1005 vero
1049 958 1174 1004 hanc
1215 958 1550 1005 condicionem
1586 957 1783 1017 habent,
1834 960 1890 1003 ut

213 1032 382 1080 eadem
432 1047 547 1079 voce
589 1032 650 1078 ad
690 1033 846 1079 omnis
887 1032 1032 1078 simul
1071 1033 1395 1092 perferantur.
1460 1035 1599 1078 taceo
1640 1031 1698 1077 de
1737 1031 1890 1091 parti-

215 1106 432 1153 tionibus
465 1109 513 1152 et
539 1105 974 1152 declamationibus
999 1106 1266 1163 rhetorum,
1301 1104 1477 1165 quibus
1503 1108 1630 1151 certe
1656 1108 1891 1165 quantus-

215 1194 423 1240 cumque
478 1178 771 1225 adhibeatur
824 1194 1070 1236 numerus,
1124 1183 1290 1225 tamen
1344 1178 1678 1238 unusquisque
1731 1180 1891 1224 totum

128 1255 189 1301 14
215 1253 349 1299 feret.
390 1268 487 1299 non
528 1253 657 1298 enim
695 1268 790 1298 vox
826 1252 915 1298 illa
946 1254 1276 1312 praeceptoris
1310 1255 1367 1298 ut
1398 1267 1516 1298 cena
1547 1253 1708 1297 minus
1739 1251 1892 1311 pluri·
1918 1269 1958 1299 15

213 1326 304 1372 bus
359 1325 554 1383 sufficit,
608 1325 692 1373 sed
746 1329 800 1372 ut
855 1326 929 1372 sol
977 1325 1216 1373 universis
1267 1325 1397 1372 idem
1446 1325 1568 1372 lucis
1620 1325 1892 1384 calorisque

215 1399 438 1461 largitur.
494 1401 844 1461 grammaticus
885 1414 1078 1459 quoque
1119 1401 1160 1446 si
1200 1399 1256 1444 de
1297 1398 1528 1459 loquendi
1567 1399 1758 1444 ratione
1799 1397 1894 1444 dis-

216 1477 360 1519 serat.
414 1473 452 1518 si
502 1474 810 1532 quaestiones
858 1473 1079 1533 explicet,
1130 1473 1361 1519 historias
1403 1474 1628 1532 exponat,
1667 1474 1896 1531 poemata

129 1550 190 1594 15
217 1550 424 1604 enarret,
464 1550 539 1592 tot
578 1546 668 1593 illa
706 1546 907 1605 discent,
950 1549 1071 1606 quot
1111 1546 1326 1592 audient.
1392 1542 1463 1592 ‘at
1502 1545 1632 1592 enim
1671 1543 1896 1591 emenda-

215 1620 339 1666 tioni
395 1620 809 1679 praelectionique
862 1634 1094 1665 numerus
1145 1615 1340 1666 obstat.’
1413 1620 1479 1666 sit
1532 1618 1895 1665 incommodum
1920 1633 1962 1664 20

220 1688 356 1757 (nam
390 1693 511 1753 quid
542 1693 641 1739 fere
675 1692 887 1753 undique
920 1687 1163 1757 placet?):
1202 1708 1314 1739 mox
1344 1691 1470 1738 illud
1503 1691 1895 1752 comparabimus

219 1765 499 1814 commodis.

331 1836 450 1886 ‘Nec
506 1855 595 1902 ego
650 1844 815 1887 tamen
871 1856 926 1887 eo
977 1840 1107 1886 mitti
1160 1855 1367 1899 puerum
1416 1840 1543 1897 volo,
1598 1838 1683 1885 ubi
1733 1839 1895 1900 negle-

220 1910 400 1975 gatur.'
443 1913 527 1960 sed
558 1929 715 1974 neque
748 1917 1036 1973 praeceptor
1067 1913 1223 1959 bonus
1256 1913 1441 1960 maiore
1473 1928 1523 1960 se
1553 1912 1714 1971 turba,
1748 1927 1897 1972 quam

220 1990 275 2033 ut
322 1987 560 2033 sustinere
609 2003 716 2034 eam
763 1989 931 2047 possit,
980 1987 1268 2045 oneraverit,
1316 1990 1364 2032 et
1408 1986 1460 2032 in
1507 1986 1678 2046 primis
1718 2000 1776 2032 ea
1813 1985 1898 2031 ha·
1924 2001 1965 2032 25

219 2059 379 2107 benda
426 2076 541 2107 cura
590 2065 676 2120 est,
723 2064 778 2106 ut
823 2062 865 2107 is
913 2060 1045 2106 omni
1091 2060 1235 2107 modo
1282 2059 1370 2106 fiat
1407 2059 1546 2106 nobis
1587 2058 1900 2106 familiariter

223 2134 408 2180 amicus
463 2149 551 2180 nec
605 2133 822 2180 officium
875 2134 927 2180 in
981 2133 1196 2181 docendo
1251 2136 1450 2193 spectet,
1504 2133 1588 2180 sed
1639 2132 1898 2179 adfectum.

135 2211 196 2254 16
221 2207 294 2253 ita
332 2223 604 2268 numquam
644 2207 822 2254 erimus
861 2209 913 2253 in
950 2207 1108 2254 turba.
1151 2222 1239 2254 nec
1278 2222 1393 2253 sane
1426 2207 1688 2268 quisquam
1718 2205 1900 2252 litteris

223 2281 398 2327 saltem
436 2281 613 2327 leviter
650 2280 867 2328 imbutus
909 2297 1032 2339 eum,
1071 2283 1122 2326 in
1164 2296 1259 2341 quo
1301 2280 1519 2327 studium
1548 2279 1900 2342 ingeniumque

224 2356 552 2414 perspexerit.
614 2370 710 2401 non
772 2356 824 2400 in
879 2369 1017 2401 suam
1072 2369 1264 2414 quoque
1319 2354 1530 2416 gloriam
1582 2351 1901 2413 peculiariter
1925 2368 1968 2399 30

223 2426 424 2474 fovebit.
496 2428 579 2475 sed
629 2431 687 2474 ut
734 2427 998 2490 fugiendae
1049 2430 1149 2475 sint
1198 2443 1406 2490 magnae
1456 2427 1650 2474 scholae
1701 2419 1802 2491 (cui
1841 2441 1901 2472 ne

224 2500 321 2560 ipsi
367 2501 563 2561 quidem
610 2502 681 2548 rei
729 2501 991 2561 adsentior,
1039 2501 1080 2548 si
1127 2501 1190 2547 ad
1236 2501 1450 2562 aliquem
1488 2499 1663 2546 merito
1703 2513 1902 2546 concur-

186 2619 189 2621 .
226 2568 391 2638 ritur),
430 2591 527 2620 non
565 2578 734 2621 tamen
772 2575 862 2622 hoc
903 2591 956 2621 eo
998 2576 1145 2634 valet,
1185 2577 1241 2621 ut
1278 2573 1540 2637 fugiendae
1571 2574 1672 2619 sint
1703 2573 1901 2619 omnino

228 2647 433 2694 scholae.
476 2648 608 2694 aliud
649 2651 719 2695 est
761 2651 889 2694 em‘m
928 2650 1086 2695 vitare
1127 2663 1221 2707 eas,
1262 2647 1398 2694 aliud
1436 2646 1629 2709 eligere.

141 2727 196 2770 17
337 2721 402 2767 Et
453 2722 495 2767 si
543 2721 880 2781 refutavimus,
933 2737 1056 2781 quae
1103 2723 1274 2768 contra
1321 2721 1560 2779 dicuntur,
1610 2721 1710 2766 iam
1750 2719 1901 2780 expli·
1926 2735 1968 2766 35

264 2930 271 2937 ἱ
352 2879 405 2917 28
438 2877 710 2932 numquam]
744 2890 836 2918 non
869 2884 904 2917 A
