2055 3130
42 900 84 931 10

45 1269 86 1300 15

46 1639 89 1671 20

50 2010 91 2041 25

52 2380 95 2412 30

757 76 832 121 IV.
868 81 907 129 2,
942 80 1129 119 35—47.
1680 72 1787 123 207

104 220 258 279 venit,
306 217 576 278 conscendi,
632 217 856 264 sublatae
904 218 1019 263 sunt
1074 229 1295 275 ancorae,
1348 213 1583 260 solvimus
1641 227 1792 269 oram,

105 294 318 354 profecti
357 288 558 340 sumus'.
598 291 724 337 nihil
761 290 938 337 horum
977 290 1075 336 dici
1115 288 1319 335 celerius
1358 289 1536 347 potest,
1577 285 1661 332 sed
1693 285 1792 333 suf-

106 367 211 414 ficit
264 366 446 413 dicere:
504 362 549 411 ‘e
596 367 745 426 portu
799 359 1069 426 navigavi'.
1127 365 1175 409 et
1226 362 1452 422 quotiens
1510 361 1667 406 exitus
1721 360 1795 405 rei

109 443 230 488 satis
271 439 487 487 ostendit
525 440 706 500 priora,
748 437 977 484 debemus
1016 437 1110 483 hoc
1150 451 1251 483 esse
1285 434 1518 493 contenti,
1561 448 1657 493 quo
1681 432 1794 480 reli-

111 530 207 575 qua
246 513 617 574 intelleguntur.
661 527 827 572 quare,
868 528 978 558 cum
1018 510 1177 557 dicere
1216 509 1366 555 liceat
1399 503 1493 555 ‘est
1516 507 1641 554 mihi
1663 506 1793 553 filius
1821 504 1888 549 42³.

107 582 336 646 iuvenis’,
384 585 549 633 omnia
596 586 685 632 illa
725 600 1056 647 supervacua:
1109 580 1334 644 ‘cupidus
1391 598 1480 644 ego
1526 581 1796 627 liberorum

107 677 307 708 uxorem
348 660 478 719 duxi,
517 663 691 706 natum
731 659 911 707 sustuli
948 658 1120 719 filium,
1163 657 1382 715 educavi,
1420 657 1472 702 in
1514 655 1795 702 adulescen-

107 737 231 782 tiam
282 729 523 796 perduxi'.
578 734 786 794 ideoque
835 732 1137 780 Graecorum
1193 732 1351 791 aliqui
1403 729 1539 777 aliud
1594 729 1798 776 circum-

110 810 263 856 cisam
303 807 673 869 expositionem,
712 808 764 854 id
805 810 879 854 est
918 807 1178 868 onvatov,
1227 804 1364 851 aliud
1408 804 1608 850 brevem
1653 805 1798 864 puta-

108 885 301 942 verunt,
341 882 471 944 quod
510 882 600 928 illa
648 883 963 942 supervacuis
1011 882 1213 939 careret,
1251 880 1372 926 11366
1411 880 1576 939 posset
1610 876 1799 937 aliquid

110 973 167 1004 ex
214 957 502 1004 necessariis
554 956 843 1003 desiderare.
898 972 986 1003 nos
1035 957 1204 1001 autem
1249 953 1548 1000 brevitatem
1599 953 1653 998 in
1706 951 1797 997 1106
1823 950 1892 993 43

109 1033 353 1093 ponimus,
393 1046 492 1077 non
530 1033 589 1076 ut
628 1030 805 1090 minus,
846 1029 931 1077 sed
969 1045 1029 1077 ne
1061 1028 1173 1090 plus
1218 1027 1426 1086 dicatur,
1468 1041 1618 1086 quam
1657 1040 1797 1086 opor-

109 1108 229 1164 teat,
280 1121 393 1151 nam
435 1105 723 1152 iterationes
773 1104 971 1165 quidem
1019 1106 1067 1150 et
1120 1100 1434 1164 ταυτολογίας
1486 1102 1535 1147 61
1580 1112 1800 1161 περισσο-

111 1178 300 1243 λογίας,
369 1194 490 1240 quas
545 1180 599 1224 in
650 1180 935 1226 narratione
990 1177 1220 1224 vitandas
1277 1171 1480 1236 quidam
1537 1175 1799 1234 scriptores

113 1255 296 1300 artium
344 1252 671 1312 tradiderunt,
718 1256 939 1300 transeo:
995 1253 1110 1299 sunt
1165 1252 1294 1297 enim
1348 1249 1468 1296 11366
1522 1248 1647 1294 vitia
1702 1262 1800 1294 non

110 1330 309 1375 tantum
346 1328 606 1374 brevitatis
647 1328 809 1390 gratia
847 1325 1150 1389 refugienda..
1190 1341 1291 1372 non
1327 1323 1490 1370 minus
1532 1325 1697 1368 autem
1723 1337 1799 1369 ca-
1826 1319 1894 1364 4}

111 1401 273 1448 venda
314 1402 422 1460 erit,
471 1417 594 1462 quae
634 1403 843 1447 nimium
883 1400 1193 1461 corripientis
1234 1400 1400 1445 omnia
1439 1397 1676 1457 sequitur,
1717 1395 1800 1442 ob-

114 1477 338 1533 scuritas,
400 1477 652 1536 satiusque
724 1475 915 1536 aliquid
983 1474 1262 1521 narrationi
1331 1486 1581 1532 superesse
1652 1485 1801 1531 quam

114 1549 301 1609 deesse3
352 1565 469 1596 nam
520 1565 822 1610 supervacua
872 1566 982 1597 cum
1020 1548 1185 1595 taedio
1235 1547 1481 1605 dicuntur,
1527 1545 1803 1592 necessaria

115 1640 226 1671 6313
285 1624 505 1684 periculo
561 1623 932 1670 subtrahuntur.
998 1638 1148 1684 quare
1202 1620 1458 1668 vitandast
1511 1621 1663 1666 etiam
1712 1619 1800 1664 1113
1828 1616 1894 1661 45

116 1697 422 1744 Sallustiana
477 1691 805 1761 (quamquam
859 1698 911 1743 in
964 1698 1072 1759 ipso
1123 1697 1324 1743 virtutis
1373 1694 1567 1755 optinet-
1615 1686 1801 1757 locum)

113 1772 332 1818 brevitas
374 1774 421 1818 61
463 1771 729 1833 abruptum
769 1773 1005 1819 sermonis
1046 1786 1221 1833 genus:
1274 1769 1405 1830 quod
1455 1768 1664 1815 otiosum
1705 1767 1802 1813 for-

114 1848 246 1894 tasse
278 1846 512 1892 lectorem
543 1848 706 1893 minus
741 1847 900 1905 fallat,
928 1846 1212 1892 audientem
1235 1843 1527 1901 transvola-t,
1558 1857 1662 1900 1166,
1688 1840 1804 1886 dum

114 1923 382 1982 repetatur,
424 1923 665 1981 expectat,
706 1935 816 1967 cum
854 1921 1147 1981 praesertim
1178 1919 1332 1965 lector
1361 1933 1459 1963 non
1484 1916 1584 1962 fere
1611 1917 1676 1962 sit
1707 1916 1806 1962 nisi

119 1994 357 2052 eruditus,
396 1994 610 2041 iudicem
647 2011 764 2041 rura
801 1996 1092 2056 plerumque
1130 1995 1184 2039 in
1216 1992 1439 2039 decurias
1477 1991 1698 2048 mittant,
1746 1989 1809 2035 de

118 2084 174 2116 eo
213 2070 666 2129 pronuntiaturum,
708 2069 838 2131 quod
876 2067 1192 2125 intellexerit,
1239 2069 1295 2113 ut
1344 2066 1555 2112 fortasse
1604 2063 1809 2124 ubique,

116 2144 168 2189 in
207 2143 492 2190 narratione
531 2145 699 2190 tamen
738 2145 1002 2204 praecipue
1041 2141 1205 2189 media
1235 2141 1356 2187 11366
1387 2138 1601 2186 tenenda-
1633 2140 1699 2185 sit
1722 2139 1806 2185 113

117 2215 312 2263 dicendi
353 2213 615 2277 ‘quantum
656 2233 777 2279 opus
826 2220 899 2266 est
939 2221 987 2264 et
1035 2217 1277 2278 quantum
1325 2215 1446 2261 satis
1495 2208 1602 2259 est’.
1652 2227 1805 2273 quan-
1833 2209 1898 2253 46

117 2293 227 2337 tum
265 2305 388 2351 opus
430 2294 504 2338 est
544 2294 712 2338 autem
750 2309 849 2339 non
887 2292 961 2338 ita
1001 2292 1161 2338 solum
1202 2288 1357 2350 accipi
1395 2288 1524 2347 volo,
1566 2288 1806 2347 quantum

120 2364 183 2411 ad
221 2364 543 2412 indicandum
583 2366 781 2426 sufficit,
822 2368 940 2427 quia
978 2381 1077 2412 non
1115 2366 1346 2411 inornata
1387 2361 1531 2408 debet
1564 2376 1668 2408 esse
1701 2360 1805 2406 bre-

119 2439 264 2497 vitas,
305 2438 494 2499 alioqui
534 2441 599 2487 sit
636 2440 857 2498 indocta3
898 2457 1014 2486 nam
1047 2442 1095 2486 et
1126 2439 1260 2485 fallit
1284 2437 1530 2498 voluptas,
1572 2438 1620 2481 et
1643 2434 1807 2480 minus

120 2513 271 2575 longa
312 2529 436 2574 quae
477 2513 724 2561 delectant-
763 2515 1007 2574 videntur,
1048 2516 1105 2560 ut
1144 2528 1404 2559 amoenum
1438 2525 1493 2557 36
1525 2509 1674 2556 molle
1698 2509 1806 2567 iter,

121 2587 318 2633 etiamsi
357 2590 431 2634 est
471 2590 623 2649 spatii
677 2590 946 2650 amplioris,
993 2590 1156 2635 minus
1202 2586 1386 2647 fatigat
1435 2600 1584 2645 quam
1631 2583 1809 2629 durum

122 2660 412 2721 aridumque
460 2663 801 2723 conpendium.
849 2679 1007 2724 neque
1045 2661 1170 2708 mihi
1208 2675 1446 2720 umquam
1484 2660 1625 2705 tanta
1658 2657 1809 2703 fuerit
1835 2653 1895 2697 47

245 2835 298 2873 18
333 2831 572 2885 satiusque
606 2834 676 2875 est
714 2841 752 2874 A
787 2833 897 2877 Cass
1018 2837 1073 2875 ‘28
1114 2833 1290 2886 quanto
1317 2831 1469 2886 primo
1503 2829 1595 2872 Ioco
1627 2835 1672 2869 B

124 2893 181 2931 34
214 2902 365 2944 neque
400 2893 500 2947 (nec
533 2893 593 2946 P)
626 2891 750 2934 enim
782 2892 900 2935 mihi
930 2900 1020 2934 BP
