2007 3120
0 910 3 937 l

0 941 3 1017 Ι

86 1092 104 1123 5

65 1464 106 1494 10

64 2206 105 2236 20

574 597 841 655 LIBER
897 595 1376 655 SECUNDUS.

311 813 584 873 [QUANDO
618 813 889 857 RHETORI
922 813 1011 856 SIT
1044 812 1411 856 TRADENDUS
1445 812 1642 870 PUER.]

240 926 277 972 I.
320 925 500 972 Tenuit
539 925 854 979 consuetudo,
897 941 1022 986 quae
1063 923 1242 972 cotidie
1266 926 1424 987 magis
1456 924 1731 984 invalescit,
1761 925 1819 970 ut
1851 930 1876 974 1

130 1000 531 1061 praeceptoribus
581 1000 915 1061 eloquentiae,
968 999 1163 1046 Latinis
1217 999 1414 1059 quidem
1470 1014 1680 1060 semper,
1737 998 1821 1045 sed

132 1075 284 1121 etiam
326 1072 525 1122 Graecis
564 1075 780 1133 interim,
821 1073 1053 1135 discipuli
1092 1074 1245 1121 serius
1273 1089 1420 1133 quam
1445 1074 1574 1120 ratio
1598 1071 1822 1133 postulat

132 1148 456 1196 traderentur.
509 1149 611 1195 eius
651 1151 723 1195 rei
763 1148 942 1209 duplex
995 1163 1143 1195 causa
1192 1149 1279 1207 est,
1329 1147 1460 1208 quod
1508 1149 1556 1194 et
1601 1147 1820 1194 rhetores

128 1224 301 1284 utique
339 1224 499 1270 nostri
538 1239 650 1270 suas
690 1225 847 1284 partis
889 1224 1162 1269 omiserunt
1200 1224 1250 1269 et
1287 1222 1598 1284 grammatici
1634 1221 1820 1268 alienas

129 1300 505 1358 occupaverunt.
558 1314 673 1343 nam
714 1300 764 1343 et
808 1297 886 1343 illi
933 1297 1208 1344 declamare
1259 1296 1405 1343 modo
1461 1299 1511 1342 et
1561 1297 1818 1343 scientiam
1850 1301 1879 1346 2

130 1371 439 1418 declamandi
479 1387 535 1419 ac
574 1372 864 1418 facultatem
902 1371 1095 1418 tradere
1135 1370 1287 1418 officii
1327 1371 1402 1418 sui
1442 1370 1628 1416 ducunt
1673 1369 1822 1431 idque

130 1447 265 1493 intra
304 1446 652 1493 deliberativas
692 1447 1038 1507 iudicialisque
1087 1445 1320 1492 materias
1370 1438 1509 1510 (nam
1557 1446 1719 1491 cetera
1766 1446 1823 1491 ut

129 1521 433 1580 professione
475 1536 563 1568 sua
603 1520 795 1568 minora
836 1513 1154 1585 despiciunt),
1210 1522 1259 1566 et
1305 1520 1358 1565 hi
1404 1535 1505 1566 non
1552 1521 1673 1566 satis
1722 1534 1821 1565 cre-

130 1594 254 1641 dunt
309 1596 568 1655 excepisse,
625 1611 749 1655 quae
805 1595 980 1642 relicta
1036 1597 1177 1641 erant
1233 1588 1352 1657 (quo
1407 1594 1603 1641 nomine
1658 1593 1822 1656 gratia

132 1684 326 1730 quoque
365 1668 426 1716 iis
465 1669 692 1716 habenda
741 1664 852 1734 est),
902 1669 984 1715 sed
1033 1668 1094 1715 ad
1141 1675 1523 1730 p1·osopopoe'i'as
1571 1683 1724 1728 usque
1774 1669 1823 1714 et

131 1744 195 1790 ad
234 1745 497 1803 suasorias,
536 1745 587 1790 in
639 1743 816 1804 quibus
872 1759 995 1790 onus
1052 1743 1247 1789 dicendi
1292 1743 1372 1789 vel
1417 1742 1684 1789 maximum
1735 1744 1822 1801 est,

87 1834 104 1866 5
131 1819 434 1878 inrumpunt.
481 1818 595 1864 hinc
629 1834 745 1881 ergo
779 1817 972 1876 accidit,
1011 1820 1081 1876 ut,
1123 1832 1247 1877 quae
1274 1817 1477 1863 alterius
1503 1817 1624 1863 artis
1657 1817 1820 1877 prima
1852 1822 1882 1866 3

130 1894 273 1939 erant
311 1907 473 1952 opera,
513 1892 648 1939 facta
688 1893 789 1939 sint
841 1892 1043 1939 alterius
1091 1892 1376 1950 novissima,
1431 1893 1481 1937 et
1535 1893 1670 1938 aetas
1721 1892 1822 1937 iam

113 1966 389 2013 'altioribus
430 1966 704 2028 disciplinis
744 1966 911 2013 debita
949 1968 1002 2012 in
1050 1966 1216 2013 schola
1255 1966 1444 2013 minore
1495 1965 1718 2012 subsidat
1766 1980 1823 2012 ac

128 2041 405 2088 rhetoricen
431 2041 562 2102 apud
588 2043 940 2104 grammaticos
966 2043 1203 2088 exerceat.
1243 2042 1331 2099 ita,
1357 2040 1489 2101 quod
1513 2042 1586 2087 est
1610 2039 1821 2086 maxime

129 2115 408 2173 ridiculum,
449 2131 548 2162 non
589 2118 703 2162 ante
745 2115 806 2162 ad
847 2115 1156 2162 declamandi
1207 2116 1503 2177 magistrum
1550 2114 1822 2161 mittendus

129 2189 325 2236 videtur
362 2206 487 2251 puer
526 2206 675 2251 quam
715 2190 989 2237 declamare
1031 2190 1167 2236 sciat.

241 2264 343 2311 Nos
383 2280 525 2312 suum
565 2266 741 2326 cuique
779 2264 1073 2325 professioni
1111 2263 1312 2310 modum
1345 2263 1535 2310 demus:
1577 2266 1626 2309 et
1658 2278 1818 2325 gram-
1851 2266 1883 2311 4

131 2337 325 2397 matice,
389 2354 535 2399 quam
584 2341 635 2385 in
690 2338 930 2386 Latinum
991 2339 1342 2385 transferentes
1405 2338 1822 2384 litteraturam

131 2415 446 2472 vocaverunt,
485 2412 605 2459 fines
646 2429 758 2460 suos
804 2414 958 2472 norit,
1013 2413 1304 2474 praesertim
1362 2414 1558 2458 tantum
1615 2410 1675 2457 ab
1730 2411 1823 2457 hac

133 2487 483 2548 appellationis
524 2503 639 2535 suae
678 2490 986 2549 paupertate,
1034 2489 1168 2534 intra
1211 2503 1359 2547 quam
1398 2487 1548 2547 primi
1593 2485 1672 2532 illi
1711 2501 1822 2533 con-

68 2576 86 2607 2
134 2562 317 2623 stitere,
357 2564 611 2622 provecta,
651 2578 769 2608 nam
806 2563 972 2608 tenuis
1012 2577 1041 2608 a
1079 2562 1215 2608 fonte
1257 2561 1531 2621 adsumptis
1563 2562 1824 2621 poetarum

254 2707 279 2745 6
312 2703 438 2757 quod
471 2705 518 2746 et
549 2711 655 2748 BP:
697 2704 821 2757 quod
854 2711 891 2744 A
1045 2707 1097 2744 13
1131 2716 1279 2757 usque
1313 2704 1360 2745 et
1392 2710 1452 2744 P:
1493 2714 1641 2756 usque
1673 2708 1757 2742 AB

136 2764 190 2802 25
222 2763 466 2816 poetarum
482 2763 904 2817 historicorumque
935 2770 1008 2813 By
1026 2769 1123 2804 ΡΝ
1137 2761 1240 2804 Bn‘2
1270 2761 1691 2816 historicorumque
1725 2759 1825 2801 Βη1

135 2819 461 2863 historicorum
494 2822 850 2877 criticorumque
883 2830 920 2863 A
953 2824 1189 2864 oratorum
1219 2821 1639 2875 historicorumque
1681 2827 1711 2861 S
1745 2833 1825 2874 pe-

135 2879 221 2922 tita
251 2893 306 2922 eoe
336 2894 422 2935 cap
463 2882 507 2924 V
533 2883 877 2937 interpolatione
1049 2884 1051 2886 ’
