2055 3130
233 49 340 101 232
727 48 1103 101 QVINTILIANI
1133 48 1284 93 INST.
1319 49 1410 92 ΟΒ.

234 203 616 249 nonnumquam,
659 189 800 248 quasi
837 188 1207 248 interpellemur
1245 187 1305 234 ab
1330 188 1407 246 iis,
1447 188 1731 236 subsistere:
1762 204 1907 249 saepe

236 261 501 309 avertenda
542 261 603 307 ad
651 263 784 322 ipsos
831 262 1005 319 oratio,
1051 261 1296 320 hortandi,
1356 264 1412 307 ut
1465 261 1631 308 sinant
1689 277 1777 309 nos
1830 263 1907 309 uti

234 338 401 382 nostro
435 335 654 381 consilio.
695 336 767 380 ita
800 335 1089 394 subrepetur
1114 334 1276 380 animo
1301 333 1474 380 iudicis
1500 338 1562 394 et,
1595 335 1711 381 dum
1741 338 1907 397 sperat

234 408 579 470 probationem
616 407 834 468 pudoris,
874 407 1199 468 asperioribus
1238 407 1339 455 illis
1389 407 1550 454 minus
1597 408 1905 469 repugnabit.

147 489 206 533 21
238 497 361 542 quae
402 496 513 527 cum
551 482 804 541 receperit,
846 482 996 527 etiam
1033 480 1354 527 verecundiae
1394 480 1666 528 defensioni
1714 481 1909 528 facilior

237 557 342 601 erit.
384 555 453 601 sic
484 556 692 615 utraque
731 569 806 600 res
853 553 1064 599 invicem
1110 553 1303 600 iuvabit
1351 555 1540 614 eritque
1587 555 1734 601 iudex
1781 556 1910 602 circa

235 629 310 674 ius
351 631 575 674 nostrum
614 642 697 688 spe
729 627 997 674 modestiae
1031 628 1280 686 attentior,
1321 629 1449 674 circa
1473 627 1764 674 modestiam
1788 629 1909 674 iuris

235 701 524 762 probatione
562 701 840 761 proclivior.

150 782 211 826 22
351 774 445 821 Sed
482 778 538 820 ut
577 789 674 820 non
715 789 905 834 semper
943 775 1218 821 necessaria
1257 777 1343 819 aut
1368 774 1506 820 utilis
1533 775 1680 820 etiam
1705 775 1909 835 partitio

238 852 324 904 est,
375 849 447 894 ita
495 851 765 908 opportune
823 846 1044 893 adhibita
1097 847 1364 907 plurimum
1418 848 1631 894 orationi
1685 848 1807 894 lucis
1863 850 1912 894 et

238 922 427 983 gratiae
469 921 669 968 confert.
720 936 878 981 neque
920 922 1049 967 enim
1090 920 1245 966 solum
1285 920 1335 966 id
1384 920 1554 979 efficit,
1600 924 1657 967 ut
1705 921 1913 967 clariora

236 995 359 1040 fiant
400 1010 524 1054 quae
564 994 808 1053 dicuntur,
847 994 989 1041 rebus
1030 995 1166 1040 velut
1206 1010 1261 1040 ex
1300 993 1444 1040 turba
1486 995 1716 1042 extractis
1768 998 1816 1041 et
1861 995 1914 1040 in

240 1071 503 1129 conspectu
541 1068 760 1114 iudicum
798 1069 989 1128 positis,
1045 1067 1128 1114 sed
1177 1067 1333 1113 reficit
1389 1083 1581 1128 quoque
1633 1068 1915 1114 audientem

239 1146 370 1189 certo
411 1142 712 1204 singularum
755 1141 970 1202 partium
1009 1140 1118 1199 fine,
1158 1156 1254 1187 non
1295 1141 1454 1200 aliter,
1503 1156 1649 1201 quam
1689 1141 1913 1188 facienti-

239 1215 331 1262 bus
370 1217 466 1262 iter
504 1215 718 1261 multum
770 1215 1035 1261 detrahunt
1086 1215 1398 1276 fatigationis
1448 1217 1620 1261 notata
1666 1215 1915 1275 inscriptis
1963 1229 1979 1238 ”

153 1296 216 1340 23
241 1288 488 1349 lapidibus
529 1288 703 1349 spatia.
745 1303 859 1334 nam
900 1291 947 1334 et
988 1288 1211 1334 exhausti
1248 1287 1432 1335 laboris
1465 1303 1605 1334 nosse
1638 1303 1918 1334 mensuram

241 1363 487 1423 voluptati
528 1365 614 1421 est,
666 1364 715 1408 et
753 1361 980 1408 hortatur
1031 1361 1093 1407 ad
1143 1361 1336 1422 reliqua
1386 1361 1561 1409 fortius
1613 1360 1920 1422 exsequenda

245 1438 366 1483 scire
408 1439 646 1496 quantum
688 1437 912 1496 supersit.
954 1434 1078 1480 nihil
1119 1436 1249 1481 enim
1288 1435 1486 1497 longum
1530 1435 1686 1481 videri
1725 1449 1918 1482 necesse

156 1516 218 1560 24
244 1513 331 1567 est,
370 1511 422 1555 in
464 1525 576 1569 quo,
617 1509 735 1569 quid
782 1509 1012 1555 ultimum
1060 1509 1137 1567 sit,
1187 1511 1372 1554 certum
1421 1511 1506 1555 est.
1555 1524 1642 1555 nec
1689 1509 1918 1555 inmerito

241 1583 454 1630 multum
494 1598 550 1628 ex
591 1582 848 1644 diligentia
888 1582 1136 1642 partiendi
1174 1582 1291 1628 tulit
1331 1582 1490 1629 laudis
1524 1581 1578 1636 Q.
1611 1581 1952 1641 HortensiuS,·

243 1657 380 1702 cuius
418 1661 584 1703 tamen
625 1656 914 1702 divisionem
953 1657 1005 1701 in
1045 1655 1225 1718 digitos
1266 1654 1516 1702 diductam
1554 1671 1921 1717 nonnumquam

248 1729 415 1776 Cicero
455 1730 631 1776 leviter
671 1729 839 1776 eludit.
880 1745 993 1776 nam
1027 1732 1100 1775 est
1132 1744 1248 1776 suus
1281 1725 1317 1789 ’ξ-
1351 1733 1399 1775 et
1430 1731 1482 1774 in
1508 1731 1649 1791 gestu
1672 1728 1846 1776 modus
1872 1731 1921 1775 et

245 1804 448 1850 vitanda
489 1805 659 1863 utique
699 1804 910 1849 maxime
952 1804 1143 1850 concisa
1183 1805 1390 1849 nimium
1422 1805 1470 1849 et
1495 1803 1631 1849 velut
1656 1803 1921 1850 articulosa

157 1885 218 1928 25
245 1878 464 1938 partitio.
520 1893 635 1923 nam
675 1881 722 1923 et
764 1877 1050 1924 auctoritati
1097 1876 1366 1937 plurimum
1413 1877 1678 1923 detrahunt
1729 1877 1921 1923 minuta

244 1952 333 1998 illa
372 1967 459 1998 nec
502 1952 602 1996 iam
635 1950 868 2009 membra,
909 1950 992 1997 sed
1024 1950 1204 1996 frusta:
1245 1953 1292 1997 et
1332 1950 1476 1997 huius
1517 1950 1703 2013 gloriae
1744 1949 1920 2011 cupidi,
1946 1964 1983 1995 --

247 2041 342 2085 quo
384 2025 611 2072 subtilius
654 2028 701 2070 et
742 2025 983 2084 copiosius
1035 2023 1259 2071 divisisse
1315 2023 1596 2083 videantur,
1652 2027 1701 2070 et
1755 2038 1920 2084 super-

246 2113 402 2145 vacua
444 2098 706 2145 adsumunt
746 2100 794 2144 et
846 2112 968 2158 quae
1024 2101 1201 2144 natura
1252 2097 1525 2159 singularia
1576 2100 1692 2143 sunt
1740 2102 1921 2156 secant,

247 2188 335 2219 nec
374 2181 479 2218 tam
517 2172 658 2232 plura
700 2172 890 2217 faciunt
930 2187 1076 2232 quam
1116 2172 1330 2217 minora:
1371 2170 1543 2217 deinde
1569 2186 1677 2217 cum
1702 2171 1923 2218 fecerunt

247 2245 382 2292 mille
422 2245 706 2305 particulas,
744 2246 794 2290 in
838 2245 1040 2291 eandem
1078 2244 1301 2291 incidunt
1341 2243 1704 2304 obscuritatem,
1752 2245 1923 2291 contra

251 2335 398 2379 quam
436 2319 641 2380 partitio
681 2319 883 2365 inventa
923 2321 1008 2365 est.

368 2463 420 2500 22
454 2459 507 2501 In
540 2458 588 2510 Q.
624 2458 752 2502 Caec.
790 2463 857 2512 14,
884 2463 938 2500 45

372 2613 393 2648 1
421 2606 493 2649 his
519 2607 619 2648 „41²¹
655 2608 710 2650 Vt
831 2611 854 2646 2
883 2606 1132 2648 avertenda
1164 2605 1270 2647 BP²
1305 2606 1381 2648 Vt:
1418 2604 1703 2647 advertenda
1732 2605 1794 2646 Ρ1
1819 2617 1925 2646 con-

251 2665 470 2708 vertenda
503 2674 538 2706 Α
660 2670 683 2707 9
718 2663 846 2707 utilis
881 2665 1023 2707 etiam
1047 2673 1103 2707 A:
1137 2664 1266 2706 utilis
1293 2667 1362 2706 est
1395 2664 1451 2707 Vt
1474 2664 1616 2705 etiam
1642 2676 1925 2719 supervacua

252 2732 340 2766 ΒΡ
451 2730 503 2766 14
530 2726 652 2766 certo
678 2738 743 2767 om
772 2731 816 2766 Β
935 2729 986 2766 21
1014 2723 1062 2764 in
1088 2722 1249 2778 digitis
1274 2723 1379 2764 ΒΡ1
1501 2727 1553 2765 22
1580 2724 1626 2764 et
1649 2722 1697 2764 in
1721 2725 1856 2778 gestu
1873 2729 1923 2774 A,

263 2784 393 2826 Valla
430 2785 472 2825 in
509 2797 584 2826 ras
615 2789 811 2839 anyusta
845 2790 903 2824 P:
939 2785 1089 2824 certus
1121 2789 1165 2824 B
1195 2785 1241 2824 et
1272 2782 1319 2823 in
1353 2781 1537 2837 digestu
1569 2781 1631 2824 H.
1658 2781 1701 2823 J.
1730 2781 1926 2824 BIueIler

373 2846 427 2883 23
459 2840 648 2884 vitanda
681 2841 842 2895 utique
875 2850 931 2883 A:
967 2841 1187 2884 evitanda
1217 2848 1306 2882 BP
1423 2845 1476 2882 25
1510 2840 1603 2882 iam
1635 2854 1705 2883 om
1736 2847 1781 2881 B
