2055 3130
57 894 98 925 10

55 1264 95 1295 15

53 1635 95 1666 20

51 2376 92 2407 30

751 69 827 114 ΠΙ.
863 75 903 123 2,
936 74 976 112 4.
1013 73 1052 124 3,
1087 74 1244 113 1—12.
1709 71 1814 123 133

127 213 179 258 in
219 210 578 258 Partitionibus
620 209 848 257 oratoriis
890 209 953 255 ad
993 209 1202 270 easdem,
1242 208 1300 256 de
1340 209 1518 270 quibus
1545 226 1692 271 supra
1719 210 1815 257 dic-

127 289 234 333 tum
282 289 371 344 est,
433 285 651 346 quinque
705 283 932 344 pervenit
981 285 1162 344 partes.
1218 298 1333 329 nam
1389 299 1499 330 cum
1554 284 1817 344 dupliciter

127 361 345 420 primum
386 358 634 405 divisisset
672 359 724 403 in
773 356 1109 404 inventionem
1157 359 1305 418 atque
1354 357 1693 416 elocutionem,
1739 373 1815 405 res

130 449 184 480 ac
212 431 584 494 dispositionem
608 432 900 491 inventioni,
925 430 1076 478 verba
1101 433 1150 477 et
1174 431 1628 493 pronuntiationem
1654 432 1816 478 elocu-

125 507 250 554 tioni
291 506 447 553 dedit:
489 506 715 565 quintam
751 520 944 565 quoque
970 506 1228 552 constituit
1268 520 1573 552 communem
1600 521 1656 552 ac
1680 507 1816 552 velut

127 580 377 628 custodem
418 581 638 627 omnium
676 580 980 625 memoriam.
1019 579 1150 625 idem
1189 580 1242 625 in
1280 574 1454 641 <libris
1489 575 1582 641 de>
1608 578 1814 626 Oratore

126 655 340 716 quinque
372 652 517 700 rebus
552 655 777 700 constare
811 652 1145 713 eloquentiam
1178 653 1322 700 dicit:
1362 653 1415 699 in
1439 653 1617 715 quibus
1639 656 1815 714 postea

125 729 322 789 scriptis
365 727 544 776 certior
585 728 687 774 eius
730 728 976 774 sententia
1017 729 1102 774 est.
1144 741 1242 773 non
1280 727 1445 774 minus
1484 727 1607 773 mihi
1648 727 1815 789 cupidi
1871 728 1898 771 8

125 803 364 849 novitatis
399 801 609 848 alicuius
641 800 874 848 videntur
903 800 1068 860 fuisse,
1094 802 1181 861 qui
1206 801 1493 848 adiecerunt
1526 801 1813 862 ordinem,

125 891 235 923 cum
290 875 663 936 dispositionem
715 874 974 934 dixissent,
1030 876 1172 936 quasi
1236 875 1369 921 aliud
1437 876 1501 922 sit
1555 875 1813 936 dispositio

125 965 274 1010 quam
312 965 478 996 rerum
518 948 686 996 ordine
728 964 876 1009 quam
917 951 1102 1010 optimo
1144 950 1432 997 conlocatio.
1473 949 1606 997 Dion
1644 951 1813 997 inven-

122 1026 310 1071 tionem
349 1023 495 1070 modo
538 1026 585 1070 et
626 1023 998 1084 dispositionem
1038 1023 1262 1083 tradidit,
1304 1023 1388 1070 sed
1426 1026 1689 1084 utramque
1729 1024 1814 1070 du-

122 1099 301 1159 plicem
347 1114 512 1144 rerum
567 1100 614 1144 et
669 1097 947 1155 verborum,
1002 1100 1058 1143 ut
1113 1097 1177 1144 sit
1233 1097 1445 1144 elocutio
1500 1098 1812 1157 inventionis,

121 1172 463 1233 pronuntiatio
506 1171 860 1232 dispositionis,
898 1171 975 1218 his
1016 1171 1194 1232 quinta
1233 1186 1347 1232 pars
1379 1174 1645 1219 memoriae
1679 1188 1813 1220 acce-

123 1246 221 1293 dat.
278 1246 553 1293 Theodorei
603 1246 704 1292 fere
758 1245 1094 1293 inventionem
1146 1246 1393 1307 duplicem
1447 1263 1611 1293 rerum
1662 1250 1812 1308 atque

122 1321 425 1380 elocutionis,
453 1319 627 1366 deinde
651 1320 742 1366 tris
770 1327 956 1366 ceteras
980 1324 1162 1380 partes.
1203 1319 1536 1383 Hermagoras
1560 1320 1813 1381 iudicium,
1869 1320 1898 1363 9

121 1395 465 1455 partitionem,
529 1394 751 1441 ordinem
815 1410 1037 1455 quaeque
1101 1398 1214 1441 sunt
1276 1395 1568 1443 elocutionis
1632 1395 1813 1443 subicit

121 1470 522 1528 oeconomiae,
551 1483 675 1529 quae
695 1467 876 1515 Graece
904 1469 1157 1529 appellata
1181 1485 1240 1515 ex
1265 1484 1381 1517 cura
1399 1485 1565 1516 rerum
1582 1469 1811 1517 domesti-

121 1558 291 1590 carum
332 1545 381 1588 et
418 1542 499 1589 1110
538 1559 626 1603 per
666 1542 951 1589 abusionem
989 1544 1153 1603 posita
1200 1545 1398 1590 nomine
1436 1543 1616 1590 Latino
1665 1546 1811 1591 caret.

232 1617 324 1664 Est
364 1619 412 1663 et
453 1617 582 1663 circa
619 1617 711 1662 hoc
754 1618 992 1677 quaestio,
1034 1617 1165 1678 quod
1203 1617 1494 1665 memoriam
1540 1618 1593 1664 in
1644 1618 1812 1665 ordine
1839 1616 1901 1661 10

119 1693 337 1752 partium
378 1690 580 1752 quidam
620 1691 912 1750 inventioni,
955 1692 1157 1751 quidam
1198 1691 1512 1753 dispositioni
1553 1692 1812 1739 5111111111Χο-

118 1768 256 1812 runt:
298 1765 439 1812 nobis
482 1768 687 1825 quartus
731 1765 832 1812 eius
872 1766 1008 1811 locus
1049 1767 1260 1812 maxime
1300 1767 1476 1828 placet.
1532 1782 1630 1812 non
1682 1767 1812 1813 enim

117 1842 314 1886 tantum
351 1841 555 1887 inventa
594 1842 774 1900 tenere,
826 1842 883 1886 ut
923 1839 1262 1900 disponamus,
1317 1856 1404 1887 nec
1452 1840 1706 1901 disposita,
1755 1844 1811 1888 ut

119 1913 425 1974 eloquamur,
478 1913 562 1960 sed
603 1915 753 1960 etiam
793 1913 956 1960 verbis
997 1914 1211 1961 formata
1260 1916 1527 1962 memoriae
1574 1915 1810 1962 mandare

118 1987 370 2047 debemus,
411 1988 503 2034 hac
545 1989 672 2034 enim
715 1988 893 2048 omnia,
934 2004 1272 2049 quaecumque
1305 1990 1358 2035 in
1391 1991 1666 2036 orationem
1698 2005 1808 2036 con-

118 2062 222 2109 lata
263 2064 391 2121 sunt,
432 2062 759 2109 continentur.

229 2136 450 2183 Fuerunt
491 2137 642 2183 etiam
681 2137 734 2182 in
773 2136 865 2183 hac
906 2136 1137 2197 opinione.
1178 2154 1277 2185 non
1308 2139 1469 2199 pauci,
1509 2140 1564 2185 ut
1595 2138 1684 2185 has
1710 2154 1810 2185 non
1836 2136 1895 2179 11

116 2210 383 2258 rhetorices
415 2211 572 2272 partis
608 2225 710 2257 esse
745 2210 1097 2270 existimarent,
1131 2211 1215 2258 sed
1248 2227 1397 2273 opera
1430 2214 1664 2272 oratoris3
1705 2213 1808 2260 eius

118 2284 248 2331 enim
288 2300 390 2332 esse
431 2284 666 2343 invenire,
708 2284 981 2345 disponere,
1039 2285 1207 2346 eloqui
1258 2289 1307 2333 et
1354 2288 1530 2333 cetera..
1587 2286 1719 2348 quod
1767 2288 1809 2334 si

119 2359 402 2420 accipimus,
452 2358 579 2405 nihil
631 2359 728 2405 arti
781 2359 1130 2420 relinquemus.
1184 2375 1300 2406 nam
1349 2360 1470 2407 bene
1522 2360 1682 2407 dicere
1735 2362 1809 2408 est
1835 2359 1896 2402 12

118 2434 341 2493 oratoris,
381 2432 622 2480 rhetorice
663 2435 831 2480 tamen
873 2433 965 2480 erit
1004 2434 1125 2480 bene
1151 2433 1344 2481 dicendi
1379 2436 1609 2482 scientia:
1648 2435 1727 2483 vel
1752 2438 1809 2482 ut

118 2506 204 2553 alii
241 2509 426 2568 putant
466 2506 669 2553 artificis
711 2510 784 2554 est
822 2508 1132 2568 persuadere,
1172 2509 1246 2556 vis
1281 2511 1447 2556 autem
1478 2508 1808 2571 persuadendi

237 2640 257 2675 1
295 2639 334 2686 1,
369 2638 393 2676 3
428 2660 482 2665 —
518 2638 541 2675 6
578 2637 808 2684 1,31,14·2

236 2770 260 2808 ὃ
294 2767 507 2821 quintam
532 2782 716 2823 quoque
741 2773 888 2811 ARV:
924 2768 1229 2823 quintamque
1254 2776 1300 2809 B
1421 2772 1444 2810 6
1478 2768 1610 2810 libris
1638 2768 1694 2811 de
1712 2769 1806 2812 add

117 2825 344 2882 Spaldiny
467 2833 521 2870 14
551 2827 775 2871 memoria
807 2834 852 2869 P
978 2831 1032 2870 25
1066 2826 1296 2870 collocata
1327 2835 1364 2868 A
1495 2832 1550 2870 30
1582 2827 1805 2881 relinqui-

116 2898 219 2926 mus
251 2892 331 2926 aP
