2055 3130
259 65 365 116 316
747 63 1117 115 QVINTILIAM
1148 33 1298 109 msT.
1333 65 1424 110 oa.
2036 0 2055 122 l

260 218 315 250 ac
353 219 522 251 vocem
554 203 750 250 auribus
796 204 1011 264 accipere
1058 205 1362 259 miserorum,
1403 221 1610 265 quorum
1643 206 1791 254 etiam
1821 224 1927 254 mu-
2051 263 2053 265 ¹

257 281 337 324 tus
390 280 613 337 aspectus
660 277 889 324 lacrimas
947 281 1135 324 movet:
1195 280 1477 338 quantoque
1524 282 1683 326 essent
1727 280 1925 327 misera·
2040 246 2053 337 ξ

257 350 449 409 biliora,
489 351 530 396 si
570 366 626 396 ea
666 350 882 397 dicerent
919 350 1028 410 ipsi,
1078 352 1219 398 tanto
1274 354 1388 398 sunt
1436 352 1649 412 quadam
1701 353 1926 412 portione
2046 344 2053 362 ⁷

258 423 318 470 ad
361 422 670 469 afficiendum
693 425 988 484 potentiora,
1021 438 1129 470 cum
1161 424 1298 471 velut
1327 426 1546 485 ipsorum
1578 441 1660 472 ore
1684 425 1926 486 dicuntur,

255 499 313 543 ut
351 497 582 544 scaenicis
630 496 874 543 actoribus
923 497 1091 543 eadem
1137 513 1229 544 vox
1277 497 1541 557 eademque
1586 499 1925 559 pronuntiatio
1973 516 1992 548 5
2050 495 2051 498 ¹

172 565 232 612 ‘27
258 570 368 630 plus
409 569 470 615 ad
510 569 773 616 movendos
815 569 1032 616 adfectus
1066 569 1153 616 sub
1179 586 1388 631 persona
1411 572 1557 618 valet.
1597 571 1765 632 itaque
1797 572 1925 618 idem

259 641 442 701 Cicero,
489 658 791 703 quamquam
829 658 994 703 preces
1034 659 1131 690 non
1172 644 1258 691 dat
1295 644 1469 690 Miloni
1510 660 1714 705 eumque
1760 648 1925 706 potius

257 716 409 761 animi
463 717 768 776 praestantia
830 716 1152 776 commendat,
1214 718 1602 764 accommodavit
1662 721 1827 765 tamen
1883 719 1927 765 ei

255 788 418 847 verba,
451 791 785 836 convenientis
811 791 959 836 etiam
984 790 1103 836 forti
1126 791 1232 837 viro
1258 793 1648 851 conquestiones:
1691 787 1925 851 ‘frustra',

254 864 431 923 inquit,
474 859 589 908 ‘mei
621 863 836 924 suscepti
868 863 1079 910 labores!
1121 879 1148 910 o
1189 879 1297 925 spes
1338 864 1559 911 fallaces!
1601 880 1628 911 o
1669 866 1924 927 cogitatio·
1952 883 1993 914 ιο

255 951 338 982 nes
378 937 548 982 inanes
587 932 761 984 meas!'

364 1009 649 1070 Numquam
687 1013 854 1056 tamen
893 1009 1035 1057 debet
1073 1010 1220 1072 longa
1260 1026 1360 1058 esse
1400 1012 1663 1058 miseratio.
1704 1027 1792 1059 nec
1823 1012 1927 1059 sine

255 1098 401 1130 causa
442 1082 626 1129 dictum
667 1087 741 1130 est
779 1083 903 1130 nihil
943 1084 1137 1131 facilius
1179 1099 1326 1145 quam
1364 1085 1593 1131 lacrimas
1639 1086 1925 1132 inarescere.

167 1154 228 1198 28
253 1171 367 1202 nam
407 1171 516 1202 cum
556 1158 703 1203 etiam
744 1173 882 1204 veros
924 1157 1112 1204 dolores
1152 1159 1349 1220 mitiget
1386 1161 1593 1219 tempus,
1633 1160 1776 1205 citius
1815 1174 1925 1206 eva-

254 1232 422 1276 nescat
461 1245 652 1277 necesse
693 1234 766 1277 est
804 1231 906 1289 illa,
955 1246 1103 1290 quam
1144 1231 1347 1278 dicendo
1397 1231 1692 1291 effinximus,
1738 1232 1924 1294 imago:
1951 1249 1993 1281 15

252 1303 303 1348 in
345 1319 441 1364 qua
481 1303 521 1349 si
559 1319 821 1362 moramur,
862 1305 1104 1366 fatigatur
1141 1304 1357 1351 lacrimis
1399 1304 1597 1351 auditor
1644 1308 1693 1352 et
1737 1305 1924 1367 requie·

253 1377 345 1423 scit
385 1380 435 1423 et
474 1376 534 1423 ab
574 1377 678 1435 illo,
719 1393 865 1438 quem
908 1381 1118 1438 ceperat,
1156 1379 1344 1439 impetu
1385 1377 1447 1424 ad
1493 1380 1735 1425 rationem
1782 1379 1924 1426 redit.

162 1448 226 1491 29
252 1465 349 1496 non
396 1453 645 1510 patiamur
697 1453 852 1513 igitur
906 1452 1165 1513 frigescere
1216 1452 1306 1498 hoc
1360 1467 1495 1512 opuS,
1562 1454 1610 1499 et
1664 1452 1925 1511 adfectum,

252 1538 360 1570 cum
401 1524 462 1569 ad
503 1539 746 1571 summum
787 1525 1182 1585 perduxerimus,
1229 1525 1585 1586 relinquamus,
1631 1541 1718 1572 nec
1766 1541 1925 1587 spere-

251 1612 357 1644 mus
398 1598 500 1644 fore
551 1600 607 1644 ut
647 1599 807 1644 aliena
854 1599 985 1644 mala
1041 1600 1298 1659 quisquam
1352 1599 1435 1645 diu
1488 1599 1663 1659 ploret,
1716 1599 1923 1660 ideoque
1950 1616 1992 1647 20

252 1685 360 1716 cum
400 1672 450 1716 in
500 1671 630 1731 aliis,
682 1675 788 1718 tum
834 1673 884 1717 in
933 1672 1023 1719 hac
1074 1674 1283 1718 maxime
1331 1676 1470 1733 parte
1520 1688 1730 1720 crescere
1782 1673 1926 1720 debet

253 1745 426 1802 oratio,
468 1746 583 1806 quia
625 1745 863 1805 quidquid
904 1762 998 1792 non
1042 1745 1191 1792 adicit
1223 1746 1467 1806 prioribus
1493 1746 1642 1793 etiam
1669 1746 1924 1793 detrahere

251 1818 460 1877 videtur,
501 1823 547 1865 et
587 1819 730 1865 facile
771 1818 933 1865 deficit
974 1819 1193 1867 adfectus
1234 1821 1319 1880 qui
1358 1818 1619 1867 descendit.

828 1944 924 2001 [DE
957 1943 1251 1987 ADFECTIB
1262 1944 1362 2002 us]

161 2036 225 2080 30
360 2039 470 2084 Non
512 2039 670 2085 solum
711 2044 874 2086 autem
915 2040 1133 2099 dicendo,
1184 2040 1267 2088 sed
1308 2042 1457 2087 etiam
1504 2040 1725 2087 faciendo
1774 2056 1923 2101 quae·
1948 2058 1989 2090 25

250 2111 363 2158 dam
394 2112 622 2159 lacrimas
654 2129 919 2171 movemus,
959 2113 1086 2160 unde
1119 2117 1166 2160 et
1197 2113 1462 2174 producere
1493 2116 1637 2175 ipsos,
1679 2115 1765 2175 qui
1795 2114 1921 2175 peri-

249 2186 501 2244 clitentur,
553 2187 803 2247 squalidos
856 2191 1003 2247 atque
1051 2187 1290 2234 deformes
1331 2191 1380 2234 et
1425 2187 1602 2235 liberos
1652 2203 1817 2234 eorum
1866 2203 1922 2234 ac

248 2260 467 2319 parentis
507 2261 804 2319 institutum,
845 2263 893 2307 et
934 2260 993 2307 ab
1029 2261 1393 2308 accusatoribus
1420 2265 1676 2308 cruentum
1701 2261 1921 2323 gladium

249 2333 441 2379 ostendi
481 2337 526 2379 et
567 2334 693 2380 lecta
735 2350 758 2380 e
799 2334 1051 2381 funeribus
1092 2350 1199 2382 ossa
1247 2338 1294 2381 et
1333 2341 1492 2381 vestes
1532 2336 1768 2397 sanguine
1814 2351 1921 2396 per-

246 2406 380 2453 fusas
421 2406 660 2466 videmus,
700 2412 747 2454 et
786 2409 989 2454 vulnera
1029 2408 1230 2467 resolvi,
1279 2408 1535 2455 verberata
1581 2423 1787 2470 corpora
1832 2424 1919 2454 nu·
1945 2425 1987 2456 30

251 2634 258 2640 -
368 2580 388 2617 7
423 2575 498 2676 ibb
519 2580 602 2677 340
624 2581 678 2619 94
727 2603 779 2608 —
831 2582 883 2619 13
919 2577 1094 2619 dictum
1126 2578 1364 2632 Apollonii
1394 2578 1605 2632 rhetoris,
1647 2579 1696 2621 cf
1723 2577 1813 2621 Cic.
1863 2578 1920 2621 de

247 2648 338 2677 inv.
374 2640 410 2685 1,
445 2640 468 2677 5
504 2670 513 2688 ,
549 2641 569 2677 1
607 2640 631 2677 9

365 2801 390 2837 4
417 2796 712 2839 afficiendum
740 2799 930 2855 Reyius:
956 2799 1250 2842 efficiendum
1387 2804 1410 2841 9
1437 2813 1462 2841 o
1487 2799 1659 2842 frustra
1685 2799 1772 2842 Cic.
1807 2800 1921 2842 codd

366 2859 418 2896 13
445 2855 561 2897 nihil
587 2855 724 2899 citius
750 2857 931 2913 Kayser
1051 2862 1104 2900 29
1131 2857 1369 2900 funeribus
1395 2859 1628 2901 Burman:
1651 2857 1918 2901 vulneribus
