2007 3120
777 72 811 115 Ι.
862 76 931 125 10,
966 75 1156 118 18—31.
1742 71 1808 121 61

117 215 360 262 consentit
400 229 509 260 cum
550 228 732 271 eorum,
773 228 901 273 quae
941 211 1186 271 dicuntur,
1228 211 1515 259 adfectibus.
1580 213 1722 272 atqui
1762 212 1812 257 in
1839 217 1900 262 25

118 289 303 335 orando
344 303 537 348 quoque
577 286 788 333 intentio
828 287 978 345 vocis,
1022 286 1262 345 remissio,
1302 285 1453 332 flexus
1495 286 1711 346 pertinet
1752 285 1812 331 ad

117 361 384 410 movendos
424 361 733 408 audientium
774 359 1008 420 adfectus,
1051 361 1246 421 aliaque
1288 363 1335 406 et
1376 359 1730 406 conlocationis
1766 363 1812 405 et

118 438 264 497 vocis,
318 438 376 482 ut
430 435 602 483 eodem
654 438 770 481 utar
822 435 987 493 verbo,
1041 434 1377 481 modulatione
1433 433 1815 481 concitationem

74 529 92 559 5
116 510 308 569 iudicis,
366 509 465 556 alia
518 508 905 555 misericordiam
959 510 1188 569 petimus,
1244 523 1354 555 cum
1403 507 1553 554 etiam
1601 508 1814 570 organis,

119 584 295 646 quibus
336 599 493 630 sermo
535 584 744 644 exprimi
782 599 881 630 non
919 586 1098 644 potest,
1147 582 1292 629 adfici
1332 583 1523 630 animos
1562 583 1615 627 in
1656 581 1813 627 diver-

113 675 226 706 sum
263 657 490 704 habitum
529 659 812 705 sentiamus,
870 658 1088 717 corporis
1129 673 1323 718 quoque
1364 664 1510 717 aptus
1553 664 1599 702 et
1640 655 1813 703 decens
1840 663 1904 706 26

116 736 293 791 motus,
335 733 421 793 qui
453 732 634 779 dicitur
665 730 929 793 εὐρυθμία,
972 734 1021 778 et
1054 734 1129 779 est
1159 732 1461 778 necessarius
1494 745 1581 777 nec
1615 730 1813 776 aliunde

117 808 223 870 peti
266 808 451 867 potest:
512 808 563 852 in
612 822 708 867 quo
755 821 870 867 pars
918 807 1127 853 actionis
1173 821 1273 852 non
1319 806 1526 852 minima
1574 804 1815 863 consistit,

52 899 94 930 10
119 897 217 943 qua
257 881 316 928 de
353 897 405 927 re
447 882 689 941 sepositus
729 879 870 927 nobis
912 883 985 927 est
1024 880 1175 926 locus.
1239 895 1344 941 age,
1385 896 1484 927 non
1522 878 1724 925 habebit
1764 879 1816 924 in
1842 886 1902 930 27

118 956 292 1017 primis
333 970 502 1002 curam
540 956 674 1002 vocis
715 952 916 1001 orator?
973 954 1092 1015 quid
1129 958 1235 1001 tam
1273 955 1483 1001 musices
1523 950 1814 1014 proprium?

118 1029 203 1078 sed
248 1046 308 1076 ne
355 1029 476 1076 haec
524 1029 722 1090 quidem
767 1029 1125 1090 praesumenda
1164 1044 1279 1089 pars
1321 1032 1414 1075 est:
1477 1043 1574 1074 uno
1614 1028 1817 1074 interim

120 1103 338 1150 content-i
379 1105 529 1150 simus
571 1103 793 1164 exemplo
829 1102 878 1149 C.
906 1101 1127 1162 Gracchi,
1167 1104 1422 1163 praecipui
1462 1117 1662 1149 suorum
1693 1104 1816 1148 tem-

118 1194 295 1239 porum
335 1180 558 1236 oratoris,
599 1179 679 1224 cui
718 1177 1027 1225 contionanti
1066 1179 1337 1224 consistens
1376 1181 1489 1238 post
1523 1192 1634 1223 eum
1665 1177 1816 1222 musi-

52 1270 93 1301 15
120 1267 203 1299 cus
242 1252 424 1311 fistula,
472 1268 621 1313 quam
661 1251 891 1313 τουάριον
931 1256 1124 1312 vocant,
1173 1252 1358 1311 modos,
1401 1251 1577 1313 quibus
1619 1250 1818 1297 deberet

118 1326 329 1387 intendi,
392 1326 730 1387 ministrabat,
799 1327 919 1374 haec
983 1327 1028 1373 ei
1091 1342 1208 1373 cura
1260 1326 1391 1373 inter
1451 1325 1817 1372 turbidissimas
1843 1332 1905 1376 28

120 1401 340 1448 actiones
378 1401 459 1448 vel
497 1403 705 1448 terrenti
745 1402 1010 1462 optimates
1050 1401 1129 1448 vel
1167 1402 1269 1447 13111
1308 1401 1506 1447 timenti
1545 1400 1654 1446 fuit.
1694 1400 1817 1446 libet

119 1478 324 1536 propter
356 1475 596 1536 quosdam
627 1476 956 1535 imperitiores
999 1475 1151 1522 etiam
1194 1471 1486 1536 ‘crassiore',
1527 1478 1582 1521 ut
1622 1478 1817 1532 vocant,

121 1545 302 1597 ‘Musa'
352 1549 709 1596 dubitationem
749 1550 895 1597 huius
936 1550 1172 1597 utilitatis
1215 1551 1438 1596 eximere.
1491 1564 1605 1595 nam
1645 1552 1817 1609 poetas
1844 1556 1907 1599 :29

55 1642 96 1672 20
122 1627 252 1671 certe
290 1624 524 1687 legendos
566 1626 753 1671 oratori
791 1625 959 1672 futuro
1002 1625 1352 1672 concesserint:
1415 1640 1533 1670 num
1571 1625 1728 1686 igitur
1766 1623 1819 1668 hi

122 1700 225 1745 sine
265 1697 483 1746 musice?
524 1714 579 1746 ac
621 1700 663 1745 si
703 1701 812 1759 quis
852 1704 956 1745 tam
997 1714 1168 1745 caecus
1210 1700 1364 1744 anirni
1397 1711 1483 1758 est,
1524 1699 1582 1743 ut-
1615 1697 1671 1744 de
1707 1697 1818 1743 aliis

122 1773 328 1831 dubitet,
374 1773 487 1819 illos
536 1776 678 1831 certe,
727 1775 814 1834 qui
861 1773 1079 1820 carmina
1120 1773 1182 1819 ad
1221 1773 1385 1833 lyram
1424 1774 1816 1833 composuerunt.

120 1848 242 1893 haec
283 1847 469 1894 diutius
510 1848 671 1894 forent
713 1848 933 1905 dicenda,
983 1849 1025 1894 si
1063 1847 1155 1894 hoc
1197 1847 1417 1894 studium
1458 1847 1596 1893 velut
1634 1862 1817 1893 novum

120 1921 468 1982 praeciperem.
526 1937 637 1969 cum
675 1938 791 1968 vero
833 1923 1110 1983 antiquitus
1151 1937 1305 1983 usque
1347 1937 1375 1967 a
1418 1920 1627 1968 Chirone
1669 1924 1815 1982 atque
1844 1928 1909 1972 30

56 2013 96 2043 25
121 1996 315 2043 Achille
364 1996 426 2042 ad
473 2000 642 2043 nostra
681 2000 906 2057 tempora
948 1996 1079 2057 apud
1121 1997 1293 2055 omnis,
1342 1997 1428 2057 qui
1467 1995 1612 2043 modo
1654 1995 1817 2058 legiti-

121 2086 254 2117 mam
295 2070 606 2131 disciplinam
646 2087 745 2117 non
785 2073 884 2118 sint
922 2071 1099 2131 perosi,
1141 2070 1408 2127 duraverit,
1448 2086 1547 2116 non
1585 2074 1656 2117 est
1691 2085 1819 2117 com-

122 2144 432 2204 mittendum,
480 2148 536 2192 ut
582 2145 671 2190 illa
719 2145 869 2192 dubia
907 2146 1090 2192 faciam
1130 2145 1428 2192 defensionis
1471 2144 1816 2192 sollicitudine.

123 2221 349 2280 quamvis
391 2223 555 2266 autem
595 2221 715 2267 satis
752 2221 855 2266 iam
886 2235 943 2266 ex
974 2221 1111 2280 ipsis,
1153 2219 1332 2280 quibus
1366 2235 1475 2266 sum
1506 2219 1651 2265 modo
1683 2234 1817 2278 usus,
1843 2225 1904 2269 31

124 2294 358 2355 exemplis
399 2293 593 2340 credam
634 2309 736 2341 esse
775 2294 1107 2354 manifestum,
1157 2309 1282 2355 quae
1323 2293 1446 2340 mihi
1487 2296 1535 2340 et
1576 2297 1818 2354 quatenus

58 2384 100 2415 30
122 2369 306 2415 musice
338 2368 548 2428 placeat,
581 2368 799 2429 apertius
831 2372 998 2415 tamen
1031 2368 1360 2429 profitendum
1391 2372 1529 2429 puto,
1563 2383 1662 2415 non
1693 2368 1817 2414 hanc

126 2458 154 2489 a
201 2458 279 2489 me
325 2444 561 2503 praecipi,
632 2459 756 2504 quae
808 2458 937 2489 nunc
983 2444 1036 2489 in
1084 2444 1272 2490 scaenis
1322 2442 1603 2490 effeminata
1652 2445 1699 2489 et
1746 2442 1818 2488 in-

125 2516 318 2578 pudicis
368 2516 526 2564 modis
576 2517 737 2564 fracta
787 2533 887 2564 non
938 2533 994 2564 ex
1044 2520 1186 2578 parte
1236 2517 1458 2576 minima,
1512 2518 1555 2564 si
1603 2516 1722 2577 quid
1767 2518 1819 2562 in

124 2591 266 2638 nobis
320 2591 479 2638 virilis
532 2591 723 2638 roboris
776 2592 1033 2652 manebat,
1090 2591 1295 2651 excidit,
1358 2591 1443 2639 sed
1497 2606 1595 2652 qua
1649 2591 1818 2638 laudes

246 2781 271 2819 5
304 2776 473 2819 iudicis
505 2785 563 2820 A:
612 2777 694 2820 iud
726 2785 772 2819 B
837 2776 1045 2820 iudicum
1076 2786 1121 2820 P
1241 2782 1264 2820 7
1300 2778 1456 2834 aptus]
1500 2778 1631 2820 actus
1662 2784 1700 2817 A

130 2839 183 2878 10
217 2849 304 2893 age
335 2850 428 2879 non
459 2845 517 2879 A:
551 2837 760 2893 agendus
792 2838 900 2879 ΒΡ1
956 2851 1042 2893 age
1075 2837 1113 2879 si
1146 2844 1179 2879 S
1302 2843 1355 2880 16
1387 2837 1688 2879 ministrabat
1711 2843 1817 2878 BP:

127 2895 419 2938 monstrabat
450 2904 486 2937 A
642 2901 692 2938 17
726 2896 819 2939 fuit
849 2904 955 2940 BP:
996 2896 1173 2953 profuit
1204 2905 1242 2938 Α
1394 2900 1449 2938 28
1481 2896 1616 2953 ipsis]
1650 2895 1724 2937 his
1757 2902 1835 2946 bs,
