2007 3120
19 875 62 906 10

20 1990 61 2022 25

769 48 802 91 Ι.
855 53 893 101 7,
927 53 1084 91 3-18,
1705 49 1775 99 49

88 193 182 238 est:
222 192 279 236 ut
319 206 347 237 a
385 189 580 236 Latinis
619 188 868 235 veteribus
909 188 940 234 d
979 188 1209 249 plurimis
1248 190 1302 234 in
1341 188 1503 236 verbis
1549 189 1779 235 ultimam
1805 191 1864 234 12

88 265 346 323 adiectam,
387 263 518 324 quod
556 263 875 309 manifestum
915 265 991 309 est
1016 263 1167 309 etiam
1199 279 1256 308 ex
1288 263 1516 310 columna
1546 265 1778 322 rostrata,

87 354 212 399 quae
260 341 334 385 est
370 337 540 383 Duilio
588 337 641 382 in
686 337 794 383 foro
842 337 1022 397 posita,
1067 336 1267 383 interim
1307 353 1338 398 g
1377 352 1585 397 quoque,
1633 339 1689 382 ut
1727 336 1779 382 in

85 413 337 475 pulvinari
362 410 503 471 Solis,
537 410 622 472 qui
655 410 836 458 colitur
865 412 1005 457 iuxta
1038 411 1207 457 aedem
1240 409 1449 470 Quirini,
1484 406 1779 473 ‘vesperug',

86 486 218 548 quod
259 480 669 549 ‘vesperuginem'
712 485 995 546 accipimus.
1043 484 1100 531 de
1139 484 1417 532 mutatione
1457 486 1608 531 etiam
1646 485 1777 531 litte-
1807 487 1867 532 13

85 576 266 621 rarum,
315 561 374 606 de
416 576 512 620 qua
552 575 702 620 supra
742 559 858 618 dixi,
905 559 1031 606 nihil
1070 562 1291 619 repetere
1330 559 1411 605 hic
1450 574 1643 605 necesse
1685 561 1779 605 est:

86 635 296 682 fortasse
343 635 471 680 enim
520 635 649 681 sicut
687 633 982 693 scribebant,
1033 634 1184 680 etiam
1222 632 1563 694 loquebantur.
1635 634 1777 679 semi-
1807 634 1870 680 14

85 710 272 756 vocalis
313 708 563 771 geminare
604 708 688 754 diu
726 724 826 755 non
865 708 963 754 fuit
1000 707 1319 755 usitatissimi
1355 708 1524 766 moris,
1566 710 1714 768 atque
1756 723 1781 754 e

87 782 332 830 contrario
386 798 541 843 usque
598 782 660 828 ad
707 782 914 829 Accium
966 785 1015 829 et
1067 782 1201 828 ultra
1255 783 1507 843 porrectas
1563 781 1780 843 syllabas

86 858 309 921 geminis,
349 859 406 903 ut
445 857 560 915 dixi,
600 856 853 903 vocalibus
894 857 1211 917 scripserunt.
1252 856 1438 904 diutius
1471 855 1683 915 duravit,
1722 858 1780 902 ut
1808 858 1868 903 15

91 948 115 979 e
155 934 204 978 et
242 933 261 977 i
305 930 567 994 iungendis
616 931 787 977 eadem
833 932 1026 979 ratione
1074 946 1171 991 qua
1211 929 1387 978 Graeci
1425 947 1467 977 ει
1504 933 1782 977 uterentur:

89 1022 145 1053 ea
186 1005 377 1053 casibus
417 1005 732 1065 numerisque
774 1005 985 1052 discreta
1025 1007 1113 1064 est,
1160 1007 1216 1051 ut
1254 1004 1478 1052 Lucilius
1516 1006 1781 1065 praecipit:

165 1076 283 1126 ‘iam
336 1075 522 1141 ‘puerei
568 1076 762 1127 venere'
821 1096 844 1126 e
899 1082 1204 1141 postremum
1257 1080 1410 1127 facito
1459 1080 1607 1141 atque
1652 1079 1685 1138 i,

162 1157 220 1201 ut
255 1154 398 1215 pueri
434 1155 600 1215 plures
640 1150 780 1200 fiant’

43 1246 60 1277 5
87 1244 144 1275 ac
185 1229 411 1289 deinceps
451 1229 603 1275 idem:

164 1299 406 1350 ‘mendaci
445 1303 641 1364 furique
683 1301 830 1350 addes
872 1318 911 1362 e,
953 1318 1063 1350 cum
1103 1303 1219 1349 dare
1259 1302 1358 1349 furi

158 1373 393 1425 iusseris?

87 1452 218 1512 quod
269 1452 465 1512 quidem
516 1468 624 1499 cum
678 1467 1035 1513 supervacuum
1088 1454 1174 1512 est,
1231 1451 1348 1512 quia
1394 1452 1413 1496 i
1457 1454 1563 1498 tam
1601 1451 1778 1514 longae
1810 1453 1871 1497 16

86 1543 235 1587 quam
274 1526 436 1573 brevis
476 1528 708 1573 naturam
746 1526 909 1586 habet,
948 1530 1057 1573 tum
1094 1525 1459 1573 incommodum
1493 1525 1783 1586 aliquand03

20 1619 38 1649 2
86 1617 202 1647 nam
241 1603 294 1647 in
331 1602 409 1659 ijs,
458 1617 581 1661 quae
629 1601 906 1661 proximam
953 1600 1013 1648 ab
1062 1601 1240 1647 ultima
1286 1601 1507 1647 litteram
1556 1617 1579 1646 e
1634 1599 1782 1646 habe-

85 1675 210 1721 bunt
250 1678 300 1721 et
338 1675 356 1720 i
394 1676 545 1737 longa
583 1675 998 1735 terminabuntur,
1045 1675 1185 1722 illam
1230 1675 1475 1721 rationem
1524 1679 1780 1735 sequentes

85 1752 282 1796 utemur
307 1765 331 1795 e
357 1751 568 1811 gemina,
612 1750 782 1810 qualia
807 1753 922 1797 sunt
946 1750 1067 1797 haec
1101 1746 1286 1796 ‘aureei
1318 1745 1588 1811 argenteei'
1625 1752 1674 1795 et
1703 1749 1781 1795 his

87 1824 291 1871 similia:
330 1823 479 1884 idque
519 1824 579 1871 iis
611 1823 890 1885 praecipue,
932 1826 1019 1885 qui
1051 1824 1113 1870 ad
1145 1824 1405 1871 lectionem
1437 1823 1778 1883 instituentur,
1809 1826 1866 1870 17

87 1898 238 1945 etiam
275 1898 612 1958 inpedimento
650 1899 758 1957 erit,
799 1900 929 1945 sicut
961 1900 1012 1945 in
1047 1897 1246 1946 Graecis
1280 1898 1461 1945 accidit
1508 1897 1781 1945 adiectione

85 1974 106 2019 i
143 1972 356 2032 litterae,
398 1988 547 2033 quam
578 1988 677 2020 non
710 1974 870 2020 solum
903 1973 1084 2020 dativis
1118 1973 1311 2020 casibus
1344 1974 1394 2018 in
1427 1976 1568 2033 parte
1600 1972 1783 2019 ultima

87 2046 387 2107 adscribunt,
407 2046 490 2094 sed
503 2047 798 2108 quibusdam
818 2049 969 2094 etiam
985 2048 1312 2108 interponunt
1326 2050 1383 2093 ut
1395 2047 1446 2093 in
1457 2048 1566 2094 ΛΗ
1567 2048 1640 2093 ΙΣ
1644 2048 1739 2093 TH
1738 2044 1781 2106 I,

89 2122 206 2181 quia
253 2121 557 2183 etymologia
604 2137 661 2168 ex
708 2122 949 2170 divisione
995 2124 1048 2169 in
1094 2122 1184 2168 tris
1225 2121 1442 2183 syllabas
1483 2123 1616 2168 facta
1656 2120 1781 2168 desi-

89 2195 226 2242 deret
265 2210 373 2242 eam
411 2195 645 2242 litteram.
702 2212 758 2243 ae
799 2197 1058 2258 syllabam,
1099 2197 1236 2244 cuius
1277 2196 1541 2243 secundam
1581 2210 1713 2242 nunc
1753 2211 1777 2242 e
1808 2198 1868 2241 18

86 2269 307 2316 litteram
361 2271 605 2330 ponimus,
659 2272 795 2318 varie
851 2288 938 2332 per
993 2287 1022 2319 a
1072 2274 1120 2318 et
1171 2272 1187 2316 i
1243 2271 1523 2330 efferebant,
1579 2270 1781 2331 quidam

209 2430 263 2468 13
297 2440 384 2480 sqq
414 2425 559 2468 Lucil.
593 2426 657 2468 IX
689 2441 715 2469 v
748 2432 833 2469 364
867 2441 920 2483 sq
953 2427 1085 2469 Marx
1117 2454 1172 2458 ——
1209 2432 1260 2469 16
1297 2442 1323 2467 v
1357 2431 1439 2469 367

211 2580 232 2617 1
274 2577 328 2618 ut
360 2588 387 2617 a
419 2583 476 2617 A:
510 2577 563 2617 ut
595 2583 684 2617 BP
724 2577 727 2630 Ι
773 2575 1008 2618 adiectum
1055 2575 1272 2618 ultimam
1315 2584 1352 2616 A
1393 2575 1629 2618 adiectum
1668 2574 1778 2616 ulti-

88 2649 216 2676 mum
246 2634 307 2676 ΑΞ
338 2636 390 2688 cf
417 2640 455 2686 1,
490 2640 530 2687 4,
567 2639 621 2677 16
805 2639 828 2676 3
862 2635 1020 2678 Duilio
1058 2637 1224 2678 Halm:
1269 2634 1416 2677 dullio
1459 2642 1504 2677 B
1547 2633 1692 2677 diulio
1739 2642 1782 2675 P

89 2692 203 2736 iulio
228 2701 266 2734 A
357 2698 384 2735 4
416 2702 811 2751 vesprugssomA
905 2700 930 2737 5
962 2708 1205 2750 vesperum
1238 2695 1430 2738 Vollmer
1494 2699 1544 2736 11
1574 2709 1596 2736 e
1615 2694 1695 2736 eti
1719 2701 1775 2736 A:

90 2766 114 2795 e
145 2753 164 2795 i
194 2760 284 2795 BP
403 2758 456 2796 13
488 2754 649 2808 puerei
681 2762 742 2796 P:
774 2767 916 2809 puere
948 2762 985 2795 A
1039 2754 1173 2810 pueri
1205 2761 1249 2796 Β
1371 2759 1424 2796 14
1457 2754 1616 2808 puerei
1649 2761 1693 2794 P

92 2816 147 2854 20
178 2812 227 2854 in
258 2812 333 2855 his
365 2820 450 2854 AB
540 2818 594 2855 22
628 2827 652 2856 e
685 2828 755 2856 om
786 2822 824 2854 A
853 2815 857 2869 Ι
887 2813 1016 2856 aurei
1056 2813 1267 2870 argentei
1300 2815 1354 2856 ll:
1386 2827 1486 2856 corr
1517 2813 1602 2855 eclcl
1634 2818 1719 2855 vett
1746 2813 1752 2867 Ι

89 2870 163 2914 his
195 2886 266 2914 om
289 2879 380 2914 BP
498 2876 552 2914 26
585 2871 789 2928 ληίστηις
815 2874 914 2929 (sic)
944 2881 988 2915 P
1016 2872 1181 2931 λῃστής
1211 2875 1254 2916 σι’
1285 2873 1429 2916 Halm

180 2953 446 2992 vammumr
469 2954 525 2986 ed.
550 2955 911 2986 Radermacher.
945 2956 977 2988 L
1482 2950 1510 2988 4
