2007 3120
47 548 65 579 5

23 919 64 949 10

602 90 636 134 Ι.
687 95 755 145 10,
788 95 976 135 43—49.
1027 95 1094 145 11,
1130 95 1256 135 1—8.
1706 92 1776 144 65

293 224 392 282 [DE
425 224 618 267 PRIMA
648 223 1206 267 PRONUNTIATIONIS
1239 224 1317 266 ET
1351 223 1574 267 GESTUS

713 298 778 340 IN
784 297 1180 355 STITUTIONE]

202 380 285 427 XI.
340 380 571 427 Dandum
618 379 809 441 aliquid
855 379 1085 426 comoedo
1134 395 1345 440 quoque,
1393 379 1508 425 dum
1557 383 1774 441 eatenus,
1806 391 1830 436 1

93 471 190 516 qua
228 454 584 516 pronuntiandi
624 455 880 500 scientiam
919 454 1114 500 futurus
1156 456 1324 500 orator
1363 454 1621 501 desiderat.
1678 471 1776 502 non

93 529 223 575 enim
276 544 503 589 puerum,
560 544 705 589 quem
758 529 811 573 in
865 528 956 575 hoc
1009 529 1337 587 instituimus,
1394 531 1482 574 aut
1535 529 1775 576 femineae

90 605 225 651 vocis
266 602 486 649 exilitate
526 601 692 664 frangi
730 602 842 649 volo
885 605 971 648 aut
1011 602 1232 648 seniliter
1269 605 1491 649 tremere.
1532 618 1619 649 nec
1654 603 1777 651 vitia
1802 613 1829 656 2

91 677 343 724 ebrietatis
406 675 609 739 effingat
664 691 752 722 nec
807 676 976 723 servili
1028 676 1312 723 vernilitate
1374 676 1627 723 imbuatur
1688 694 1776 725 nec

90 750 293 810 amoris,
349 750 610 810 avaritiae,
673 753 832 797 metus
889 750 1047 797 discat
1103 751 1377 797 adfectum:
1440 767 1564 812 quae
1618 768 1776 813 neque

90 825 277 872 oratori
331 828 444 871 sunt
499 826 776 871 necessaria
831 828 879 871 et
931 828 1146 871 mentem
1199 826 1463 885 praecipue
1514 825 1565 871 in
1614 828 1776 873 aetate

89 901 250 961 prima
295 904 515 946 teneram
564 898 722 946 adhuc
769 902 817 945 et
863 899 1036 946 rudem
1080 898 1327 957 inficiunt,
1384 915 1499 945 nam
1547 900 1775 961 frequens

88 974 304 1020 imitatio
354 974 535 1020 transit
584 973 636 1019 in
686 989 860 1020 mores.
931 989 991 1019 ne
1043 976 1208 1035 gestus
1261 973 1459 1033 quidem
1511 974 1668 1021 omnis
1721 990 1777 1021 ac
1801 983 1830 1027 3

89 1051 252 1095 motus
293 1064 322 1094 a
362 1047 605 1094 comoedis
645 1047 887 1107 petendus
928 1051 1013 1094 est.
1079 1063 1379 1109 quamquam
1420 1049 1550 1094 enim
1588 1052 1777 1095 utrum-

30 1160 33 1161 .
90 1138 184 1184 que
236 1137 404 1168 eorum
457 1121 520 1168 ad
570 1122 818 1182 quendam
868 1122 1070 1168 modum
1118 1125 1372 1183 praestare
1413 1122 1557 1169 debet
1596 1126 1776 1184 orator,

22 1661 63 1692 20

89 1197 361 1258 plurimum
408 1198 576 1242 tamen
624 1195 782 1242 aberit
831 1213 860 1243 a
899 1198 1134 1256 scaenicO,
1182 1212 1270 1243 nec
1310 1197 1452 1243 vultu
1500 1212 1588 1244 nec
1627 1213 1777 1244 manu

45 1289 63 1320 5
88 1285 176 1318 nec
217 1270 581 1318 excursionibus
629 1271 826 1317 nimius.
890 1287 1006 1317 nam
1047 1272 1089 1317 si
1128 1287 1225 1332 qua
1263 1272 1316 1316 in
1355 1271 1431 1318 his
1472 1287 1550 1318 ars
1593 1277 1665 1319 est
1706 1272 1776 1318 di-

90 1347 318 1406 centium,
360 1361 416 1391 ea
454 1347 616 1405 prima
657 1348 744 1404 est,
784 1360 844 1390 ne
886 1361 964 1392 ars
1006 1361 1108 1392 esse
1149 1345 1390 1392 videatur.

200 1418 340 1475 Quod
394 1422 467 1466 est
519 1419 675 1481 igitur
723 1419 868 1466 huius
921 1420 1133 1467 doctoris
1184 1419 1433 1467 officium?
1501 1422 1552 1466 in
1603 1421 1778 1481 primis
1806 1430 1836 1475 4

87 1496 214 1541 vitia
253 1494 294 1541 si
334 1509 433 1554 qua
472 1497 584 1541 sunt
626 1495 722 1541 oris
764 1494 1001 1555 emendet,
1042 1499 1097 1541 ut
1129 1509 1355 1555 expressa
1389 1495 1487 1541 sint
1520 1494 1682 1555 verba,
1722 1499 1778 1542 ut

89 1570 189 1615 suis
224 1583 452 1630 ’quaeque
492 1568 688 1614 litterae
729 1569 861 1615 sonis
901 1570 1231 1616 enuntientur.
1296 1569 1606 1630 quarundam
1647 1572 1777 1616 enim

88 1644 166 1689 vel
214 1642 435 1689 exilitate
482 1642 562 1689 vel
608 1643 957 1705 pinguitudine
998 1645 1153 1690 nimia
1193 1643 1489 1701 laboramus,
1540 1644 1774 1705 quasdam

88 1717 225 1765 velut
272 1717 483 1763 acriores
530 1732 708 1777 parum
756 1717 992 1765 efficimus
1042 1722 1090 1764 et
1141 1718 1253 1765 aliis
1300 1733 1398 1764 non
1438 1718 1776 1778 dissimilibus,

88 1792 174 1839 sed
212 1792 356 1852 quasi
386 1790 719 1838 hebetioribus
752 1795 1104 1851 permutamus.
1148 1793 1330 1853 quippe
1365 1795 1413 1838 et
1444 1792 1533 1839 rho
1566 1793 1775 1853 litterae,
1806 1805 1834 1848 5

91 1882 188 1927 qua
211 1865 565 1912 Demosthenes
600 1882 796 1926 quoque
830 1866 1090 1927 laboravit,
1123 1866 1271 1913 labda
1304 1866 1535 1926 succedit,
1569 1883 1776 1928 quarum

87 1940 160 1988 Vis
210 1942 284 1986 est
331 1940 464 2000 apud
509 1955 596 1987 nos
646 1956 856 2001 quoque,
903 1944 952 1987 et
999 1957 1109 1988 oum
1158 1956 1181 1987 c
1230 1957 1286 1988 ac
1333 1942 1561 1988 similiter
1600 1958 1631 2003 g
1679 1958 1777 1988 non

45 2031 63 2062 5
90 2015 396 2073 evaluerunt,
435 2015 486 2059 in
526 2017 548 2061 t
589 2029 646 2061 ac
686 2014 717 2061 d
755 2015 1059 2062 molliuntur.
1101 2032 1160 2062 ne
1201 2015 1314 2062 illas
1355 2016 1553 2076 quidem
1593 2017 1722 2063 circa
1756 2032 1776 2063 s
1807 2029 1837 2072 6

88 2089 309 2136 litteram
349 2088 552 2135 delicias
592 2089 673 2136 hic
711 2091 950 2151 magister
989 2091 1127 2149 feret,
1167 2106 1256 2137 nec
1288 2090 1439 2137 verba-
1469 2091 1520 2136 in
1553 2090 1777 2138 faucibus

89 2165 309 2224 patietur
372 2163 535 2209 audiri
595 2179 684 2210 nec
740 2166 838 2210 oris
892 2165 1135 2211 inanitate
1190 2180 1419 2211 resonare
1475 2179 1582 2223 nec,
1647 2165 1778 2226 quod

87 2239 290 2284 minime
330 2238 544 2284 sermoni
580 2254 704 2298 puro
746 2240 1019 2298 conveniat,
1061 2239 1331 2300 simplicem
1372 2240 1506 2285 vocis
1546 2243 1778 2286 naturam

88 2311 308 2373 pleniore
333 2311 546 2373 quodam
573 2326 690 2359 sono
724 2313 1057 2373 circumliniri,
1091 2314 1222 2374 quod
1248 2313 1421 2360 Graeci
1446 2316 1776 2360 καταπεπλασ-

23 2403 66 2434 30
91 2383 238 2447 μένον
280 2386 470 2433 dicunt:
518 2386 588 2433 sic
629 2387 910 2447 appellatur
950 2391 1121 2435 cantus
1169 2388 1422 2446 tibiarum,
1465 2403 1591 2448 quae
1637 2404 1776 2449 prae·
1805 2401 1828 2444 7

91 2459 252 2520 clusis,
308 2460 483 2521 quibus
533 2461 822 2520 clarescunt,
878 2462 1216 2521 foraminibus,
1270 2465 1404 2508 recto
1452 2462 1596 2509 modo
1645 2464 1777 2509 exitu

91 2535 370 2597 graviorem
417 2535 646 2596 spiritum
691 2535 916 2582 reddunt.
981 2536 1172 2583 curabit
1219 2536 1385 2596 etiam,
1433 2552 1492 2583 ne
1533 2540 1777 2583 extremae
1803 2548 1831 2592 8

92 2608 312 2669 syllabae
358 2609 671 2670 intercidant,
718 2613 775 2657 ut
820 2626 912 2671 par
959 2611 1053 2658 sibi
1099 2626 1257 2658 sermo
1306 2612 1385 2669 sit,
1433 2613 1501 2670 ut,
1551 2611 1776 2672 quotiens

212 2740 265 2777 15
298 2735 454 2778 nimiis
489 2744 532 2778 P
621 2740 675 2778 2Ο
709 2736 996 2793 pinguedine
1029 2745 1182 2779 PSTL
1274 2742 1328 2778 24
1362 2752 1392 2793 g
1423 2743 1464 2780 et
1496 2742 1550 2779 25
1584 2739 1604 2779 t
1628 2742 1776 2781 trans—

88 2796 244 2849 posuit
275 2796 438 2838 Baiter
575 2799 630 2837 25
663 2796 909 2839 valuerunt
939 2799 1057 2852 BP}
1089 2810 1141 2839 ac
1182 2796 1498 2839 demoliuntur
1529 2797 1635 2838 ΒΡ1

94 2858 149 2895 26
180 2867 230 2908 sq
261 2854 311 2907 cf
344 2855 402 2897 Vt
428 2869 462 2909 p
493 2859 593 2907 441,
629 2859 651 2897 7
792 2861 844 2897 27
879 2856 1158 2899 inanitatem
1200 2856 1257 2899 Vt
1377 2860 1430 2897 29
1466 2855 1777 2898 circumlinire

91 2919 236 2955 ABP:
269 2927 369 2957 corr
410 2915 466 2957 Vt
492 2916 497 2969 Ι
527 2914 847 2969 cataplasmon
879 2923 923 2957 P
1041 2920 1096 2958 30
1137 2916 1320 2972 cantus]
1355 2929 1493 2958 sonus
1526 2923 1561 2955 Α

183 2994 478 3034 varmursvs
505 2997 561 3027 ed.
585 2997 951 3029 Radermacher.
991 2999 1020 3028 I.
1484 2992 1510 3031 5
