2055 3130
242 81 348 134 134
745 78 1119 132 QVINTILIANI
1146 77 1297 122 INST.
1331 77 1423 121 ΟΒ.

241 221 373 268 artis.
412 222 485 266 ita
523 220 742 265 invenire
783 217 980 279 quidem
1019 219 1068 264 et
1114 217 1370 277 disponere
1417 217 1640 276 oratoris,
1687 217 1906 263 inventio

153 294 215 338 13
241 297 407 341 autem
447 295 496 339 et
535 292 789 353 dispositio
828 290 1093 337 rhetorices
1132 290 1333 351 propria
1372 289 1527 335 videri
1552 291 1728 349 potest.
1766 290 1819 335 in
1851 304 1907 336 eo

238 368 402 428 plures
443 366 789 423 dissenserunt,
827 366 1054 410 utrumne
1085 363 1177 408 hae
1216 380 1248 424 p
1265 364 1422 409 artes
1462 365 1622 409 essent
1644 363 1907 408 rhetorices

240 456 303 487 an
343 439 556 486 eiusdem
598 453 779 498 opera
819 452 896 496 an,
933 439 991 482 ut
1039 436 1320 482 Athenaeus
1370 434 1537 492 credit,
1593 434 1909 493 elementa,

240 529 364 574 quae
395 514 574 559 vocant
605 514 822 572 στοιχεῖα.
856 509 940 557 sed
969 525 1126 569 neque
1154 510 1393 555 elementa
1423 512 1552 554 recte
1578 508 1686 568 quis
1712 507 1909 555 dixerit:

243 587 431 647 alioqui
454 587 650 631 tantum
673 584 819 630 initia
843 588 1000 641 erunt,
1023 587 1080 628 ut
1102 581 1274 628 mundi
1297 581 1375 628 vel
1400 596 1539 627 umor
1569 581 1647 627 vel
1677 582 1806 643 ignis
1831 580 1911 627 vel

240 659 448 706 materia
466 659 544 704 vel
575 672 779 718 corpora
802 656 1109 713 insecabilia3
1143 670 1230 702 nec
1255 670 1456 715 operum
1475 656 1606 701 recte
1631 670 1809 701 nomen
1834 669 1910 701 ac-

242 734 439 793 cipient,
455 747 578 792 quae
593 746 691 777 non
705 729 765 776 ab
781 730 892 776 aliis
906 729 1239 789 perficiuntur,
1257 727 1341 774 sed
1358 727 1492 774 aliud
1508 728 1618 788 ipsa
1631 727 1910 788 perficiunt:

155 803 217 849 14
242 808 406 867 partes
418 806 587 867 igitur.
619 819 735 850 nam
757 819 865 850 cum
885 804 951 849 sit
964 819 1020 848 ex
1037 803 1112 848 his
1129 802 1383 860 rhetorice,
1407 800 1511 847 fieri
1535 816 1634 847 non
1657 803 1822 861 pot-est
1842 803 1912 860 ut,

246 894 354 926 cum
373 880 532 925 totum
552 893 607 924 ex
631 876 854 938 partibus
880 878 1083 937 constet,
1107 891 1206 922 non
1230 875 1330 922 sint
1353 877 1517 935 partes
1535 874 1705 932 totius,
1730 890 1787 921 ex
1804 873 1912 934 qui-

241 952 331 998 bus
372 953 576 998 constat.
616 949 846 997 videntur
886 952 1049 996 autem
1087 948 1209 994 mihi
1242 949 1326 1008 qui
1356 948 1476 994 haec
1509 962 1656 1007 opera
1687 947 1914 994 dixerunt

1937 890 1979 922 10

244 1041 300 1072 eo
341 1041 536 1086 quoque
575 1025 712 1082 moti,
754 1022 885 1083 quod
921 1024 975 1069 in
1014 1023 1112 1068 alia
1150 1036 1318 1068 rursus
1359 1021 1596 1068 divisione
1636 1021 1824 1067 nollent
1861 1022 1914 1066 in
1963 1040 1966 1044 ·

244 1099 374 1145 idem
425 1113 599 1145 nomen
652 1096 887 1156 incidere3
933 1099 1099 1156 partes
1151 1097 1280 1142 enim
1326 1095 1589 1141 rhetorices
1638 1109 1740 1141 esse
1788 1094 1913 1141 dice-

244 1172 365 1219 bant
402 1171 802 1229 laudativam,
841 1169 1325 1226 deliberativam,
1364 1167 1733 1214 iudicialem.
1791 1182 1914 1228 quae

159 1244 219 1288 15
245 1246 287 1293 si
326 1248 491 1307 partes
532 1246 661 1303 sunt,
700 1244 936 1290 materiae
976 1245 1090 1289 sunt
1127 1242 1290 1302 potius
1332 1256 1474 1301 quam
1519 1242 1653 1287 artis.
1704 1255 1915 1301 namque

245 1321 298 1365 in
335 1319 411 1366 his
451 1318 658 1380 singulis
697 1316 936 1363 rhetorice
975 1319 1083 1363 tota
1126 1318 1212 1373 est,
1253 1316 1369 1374 quia
1409 1319 1457 1360 et
1495 1315 1829 1361 inventionem
1869 1316 1918 1360 et

247 1392 619 1453 dispositionem
658 1395 706 1437 et
744 1391 1068 1436 elocutionem
1119 1392 1168 1435 et
1206 1388 1487 1434 memoriam
1534 1391 1581 1434 et
1630 1388 1917 1448 pronuntia-

245 1466 431 1512 tionem
498 1479 834 1525 quaecumque
895 1478 1063 1509 earum
1136 1461 1392 1508 desiderat.
1481 1461 1647 1521 itaque
1717 1460 1919 1521 quidam

247 1553 463 1602 genera
500 1538 600 1584 tria
622 1537 887 1584 rhetorices
913 1536 1071 1582 dicere
1110 1536 1405 1594 maluerunt,
1446 1536 1629 1595 optime
1663 1539 1828 1581 autem
1866 1535 1919 1592 ii,

250 1627 370 1673 quos
411 1614 605 1659 secutus
645 1616 717 1658 est
758 1609 940 1668 Cicero,
980 1625 1195 1671 genera
1235 1624 1556 1656 causarum.

654 1734 835 1793 [QUAE
870 1734 1116 1778 GENERA
1150 1732 1509 1790 CAUSARUM]

197 1838 221 1880 1
359 1832 443 1879 IV.
487 1831 582 1877 Sed
619 1831 715 1878 tria
756 1846 820 1876 an
849 1830 994 1890 plura
1026 1829 1125 1876 sint
1157 1828 1435 1891 ambigitur.
1475 1843 1563 1875 nec
1596 1828 1739 1875 dubie
1770 1844 1921 1888 prope

252 1922 416 1954 omnes
456 1907 625 1966 utique
659 1920 876 1951 summae
909 1903 1040 1964 apud
1073 1902 1303 1962 antiquos
1328 1904 1636 1949 auctoritatis
1661 1902 1921 1962 scriptores

250 1979 553 2026 Aristotelen
592 1979 759 2037 secuti,
800 1977 885 2038 qui
925 1978 1118 2023 nomine
1151 1978 1346 2022 tantum
1384 1976 1482 2022 alio
1523 1975 1923 2022 contionalem

250 2069 340 2114 pro
381 2052 703 2099 deliberativa
743 2051 976 2112 appellat,
1015 2051 1106 2096 hac
1145 2051 1412 2110 partitione
1453 2049 1670 2095 contenti
1709 2049 1920 2095 fuerunt.
1947 2066 1965 2096 2

198 2130 226 2173 ἱ).
252 2142 419 2173 verum
461 2130 508 2172 et
547 2129 653 2171 tum
691 2125 867 2171 leviter
907 2126 980 2171 est
1017 2126 1338 2183 temptatum,
1386 2138 1494 2169 cum
1535 2121 1666 2182 apud
1714 2120 1922 2169 Graecos

256 2199 495 2260 quosdam
525 2201 632 2244 tum
664 2198 795 2258 apud
830 2196 1109 2244 Ciceronem
1139 2198 1190 2242 in
1221 2196 1360 2243 libris
1387 2196 1446 2242 de
1471 2194 1690 2254 Oratore,
1724 2198 1772 2241 et
1795 2210 1924 2242 nunc

254 2273 466 2320 maximo
505 2276 783 2332 temporum
822 2273 1101 2317 nostrorum
1141 2274 1337 2316 auctore
1369 2284 1520 2330 prope
1566 2269 1829 2329 inpulsum,
1868 2273 1926 2315 ut

254 2362 352 2393 non
390 2345 534 2393 modo
586 2345 729 2406 plura
779 2345 899 2390 haec
954 2359 1148 2406 genera,
1203 2343 1287 2390 sed
1339 2358 1492 2403 paene
1545 2341 1925 2388 innumerabilia

198 2424 228 2467 3
254 2420 528 2467 videantur.
560 2434 673 2465 nam
700 2418 741 2465 si
772 2418 1008 2464 laudandi
1032 2433 1089 2463 ac
1112 2416 1426 2478 vituperandi
1458 2415 1676 2462 officium
1707 2417 1759 2461 in
1783 2418 1921 2476 parte

255 2494 404 2540 tertia
433 2493 676 2554 ponimus,
716 2493 766 2537 in
800 2507 895 2552 quo
928 2507 1100 2552 genere
1132 2490 1318 2537 versari
1349 2489 1633 2547 videbimur,
1667 2504 1777 2536 cum
1810 2505 1924 2549 que-

255 2568 423 2626 rimur,
464 2566 785 2624 consolamur,
823 2565 1121 2626 mitigamus,
1162 2565 1474 2624 concitamus,
1521 2570 1774 2621 terremus,
1813 2577 1924 2609 con-

376 2681 430 2719 20
463 2676 528 2718 De
555 2678 668 2718 orat.
697 2680 735 2728 1,
763 2679 830 2726 31,
860 2679 961 2717 141:
982 2674 1092 2730 Top.
1121 2678 1189 2726 24,
1217 2678 1269 2716 91
1307 2699 1358 2704 —-
1394 2677 1445 2715 27
1472 2672 1538 2715 De
1565 2674 1678 2715 orat.
1695 2677 1735 2725 2,
1755 2676 1809 2715 10
1829 2686 1925 2727 sqq.

380 2814 434 2851 10
467 2824 569 2852 cum
602 2823 669 2852 om
701 2816 746 2850 B
865 2811 918 2849 16
952 2809 998 2849 et
1031 2805 1381 2861 dispositionem
1414 2819 1479 2849 om
1510 2813 1544 2846 ,4
1637 2810 1692 2847 24
1723 2805 1927 2862 tantum]

258 2871 416 2911 tamen
446 2882 539 2912 rece
570 2868 755 2924 quidam

1942 1257 1981 1288 15

1948 2431 1990 2463 30
