2055 3130
271 78 378 130 226
769 76 1143 130 QVINTILIANI
1172 76 1322 120 INST.
1357 76 1449 120 OR..

273 218 331 264 de
372 217 568 264 officiis:
624 232 749 277 quae
789 232 900 263 cum
940 219 1053 263 sunt
1092 215 1394 278 argumentis
1435 215 1653 261 subiecta
1703 214 1941 261 similium

185 294 246 337 16
270 307 452 350 rerum,
493 291 611 350 quia
651 290 922 347 cohaerent,
965 288 1128 350 egredi
1165 304 1264 335 non
1309 288 1549 335 videntur.
1598 286 1683 335 sed
1727 287 1942 348 plurima

216 1392 240 1434 1

214 1757 240 1800 2

177 2313 179 2315 ’
216 2344 244 2387 3

272 366 400 424 sunt,
455 378 582 424 quae
628 363 770 410 rebus
817 363 942 409 nihil
996 376 1161 409 secum
1222 361 1592 408 cohaerentibus
1646 361 1940 422 inseruntur,

273 437 448 497 quibus
488 436 635 483 iudex
673 435 907 494 reficitur,
947 435 1251 493 admonetur,
1293 434 1533 495 placatur,
1570 435 1790 495 rogatur,
1836 433 1940 480 lau-

272 510 430 556 datur.
471 509 850 555 innumerabilia
891 511 1005 554 sunt
1041 508 1175 567 haec,
1231 523 1434 568 quorum
1477 507 1577 553 alia
1623 508 1692 554 sic
1736 521 1940 567 praepa-

270 587 381 630 rata
443 582 729 642 adferimus,
792 582 1032 642 quaedam
1087 597 1144 627 ex
1199 581 1450 628 occasione
1523 580 1600 627 vel
1653 580 1942 627 necessitate

272 656 506 713 ducimus,
548 657 589 701 si
621 655 737 716 quid
770 655 909 702 nobis
943 654 1199 716 agentibus
1224 656 1339 701 novi
1365 653 1555 711 accidit,
1594 653 1943 713 interpellatio,

271 731 579 776 interventus
627 729 849 787 alicuius,
904 728 1158 774 tumultus.
1209 727 1337 773 unde
1386 726 1608 773 Ciceroni
1655 741 1846 786 quoque
1893 726 1943 772 in

272 802 536 863 prooemio,
577 817 684 848 cum
725 801 908 848 diceret
947 816 1035 861 pro
1061 801 1257 859 Milone,
1297 799 1497 862 degredi
1529 800 1625 846 fuit
1656 815 1863 859 necesse,
1889 803 1945 845 ut

270 878 379 937 ipsa
420 875 744 934 oratiuncula,
785 891 883 935 qua
921 889 1036 920 usus
1077 877 1165 932 est,
1203 875 1354 934 patet.
1395 876 1559 933 potest
1591 875 1757 920 autem
1794 872 1942 933 paulo

271 949 466 1012 longius
507 949 634 996 exire
676 950 764 1009 qui
809 952 1073 1009 praeparat
1126 947 1311 1008 aliquid
1360 949 1473 993 ante
1521 947 1857 1007 quaestionem
1897 949 1945 992 et

273 1024 357 1083 qui
402 1022 570 1068 finitae
618 1021 899 1082 probationi
949 1022 1085 1068 velut
1140 1020 1610 1068 commendationem
1666 1019 1837 1066 adicit:
1893 1023 1945 1065 at

272 1098 360 1157 qui
400 1112 455 1142 ex
495 1095 657 1142 media
698 1097 924 1155 erumpit,
965 1095 1060 1141 cito
1103 1095 1162 1140 ad
1200 1094 1250 1140 id
1298 1094 1455 1140 redire
1502 1093 1646 1139 debet
1691 1092 1817 1139 unde
1865 1092 1942 1139 de-

271 1171 434 1216 vertit.

803 1293 903 1350 [DE
935 1291 1406 1349 PROPOSITIONE]

383 1389 466 1436 IV.
509 1388 632 1436 Sunt
675 1390 758 1449 qui
796 1389 1072 1434 narrationi
1118 1389 1589 1448 propositionem
1646 1386 1946 1449 subiungant

272 1467 530 1524 tamquam
568 1467 761 1522 partem
799 1462 1046 1508 iudicialis
1087 1462 1345 1507 materiae:
1387 1462 1465 1507 cui
1497 1461 1718 1521 opinioni
1747 1475 1944 1520 respon-

273 1537 446 1583 dimus.
487 1536 608 1582 mihi
649 1539 812 1582 autem
852 1535 1122 1597 propositio
1156 1534 1351 1581 videtur
1376 1535 1531 1580 omnis
1564 1533 1945 1580 confirmationis

272 1610 495 1656 initium:
536 1610 667 1670 quod
707 1625 804 1656 non
843 1609 987 1655 modo
1027 1610 1078 1654 in
1118 1608 1416 1654 ostendenda
1450 1609 1734 1667 quaestione
1766 1608 1944 1667 princi-

272 1685 390 1744 pali,
430 1683 514 1730 sed
553 1699 919 1743 nonnumquam
959 1683 1109 1729 etiam
1148 1684 1200 1727 in
1240 1681 1445 1743 singulis
1487 1682 1789 1743 argumentis
1828 1681 1947 1740 poni

273 1757 412 1815 solet,
452 1758 759 1817 maximeque
799 1758 850 1802 in
889 1756 964 1817 iis,
1004 1771 1128 1816 quae
1179 1753 1518 1817 ἐπιχειρήματι(
1564 1755 1815 1801 vocantur.
1863 1753 1946 1801 sed

272 1846 401 1877 nunc
441 1830 497 1876 de
537 1832 699 1891 priore
738 1830 1000 1889 loquimur.
1057 1844 1112 1874 ea
1152 1844 1249 1874 non
1290 1844 1476 1888 semper
1514 1828 1586 1874 uti
1629 1842 1820 1874 necesse
1860 1832 1944 1874 est.

274 1904 539 1965 aliquando
581 1903 708 1950 enim
750 1903 851 1949 sine
885 1902 1218 1963 propositione
1253 1917 1446 1962 quoque
1480 1903 1599 1947 satis
1632 1900 1944 1947 manifestum

275 1982 360 2036 est,
417 1977 533 2038 quid
580 1977 631 2022 in
672 1978 959 2037 quaestione
998 1979 1233 2035 versetur,
1280 1977 1449 2035 utique
1506 1975 1546 2020 si
1601 1976 1821 2021 narratio
1876 1973 1946 2020 ibi

274 2053 419 2097 tinem
458 2051 620 2110 habet,
660 2050 745 2095 ubi
785 2051 985 2096 initium
1019 2051 1255 2109 quaestio,
1296 2049 1416 2095 adeo
1450 2052 1505 2094 ut
1539 2048 1802 2108 aliquando
1836 2047 1945 2094 sub-

273 2127 510 2186 iungatur
544 2124 850 2183 expositioni,
892 2139 1013 2183 quae
1048 2123 1171 2169 solet
1203 2123 1253 2168 in
1286 2121 1584 2183 argumentis
1619 2136 1721 2168 esse
1755 2136 1945 2167 summa

275 2198 519 2244 collectio:
592 2194 727 2243 ‘haec
790 2197 843 2256 si,
916 2200 971 2243 ut
1045 2198 1259 2257 exposui,
1336 2198 1473 2257 gesta
1545 2197 1672 2253 sunt,
1744 2194 1946 2253 iudices,

274 2271 534 2318 insidiator
619 2274 879 2330 superatus
964 2272 1056 2331 est,
1133 2271 1184 2316 vi
1259 2271 1389 2316 victa
1475 2270 1549 2314 vis
1626 2268 1705 2315 vel
1779 2269 1945 2328 potius

1969 891 2012 923 10

1970 1317 2012 1347 15

1970 1697 2015 1729 20

1970 2064 2013 2096 25

277 2360 507 2406 oppressa
569 2344 751 2391 virtute
815 2342 1022 2390 audacia
1085 2339 1193 2390 est’.
1254 2358 1621 2402 nonnumquam
1675 2341 1818 2388 valde
1874 2343 1948 2388 est
2008 2386 2014 2390 ..

393 2488 418 2526 s
453 2483 542 2526 cie.
578 2497 639 2526 or.
673 2482 758 2539 frg.
793 2482 845 2525 D.
878 2482 942 2525 111
973 2481 1033 2525 M.
1067 2509 1121 2513 —
1157 2486 1208 2523 27
1244 2481 1319 2525 cic
1351 2497 1395 2537 p.
1430 2481 1524 2523 Mil.
1561 2487 1628 2534 11,
1655 2485 1710 2524 30

398 2637 417 2672 1
454 2629 510 2672 de
552 2628 626 2672 off.
669 2630 726 2673 Vt
749 2645 785 2686 p
817 2634 901 2672 429
937 2635 1043 2671 NP:
1093 2627 1166 2670 off.
1201 2636 1284 2670 AB
1418 2632 1441 2670 2
1488 2627 1567 2670 sed
1598 2635 1688 2670 BP
1725 2628 1801 2671 Vt:
1831 2629 1878 2670 et
1908 2635 1945 2668 ,1

394 2692 418 2729 3
452 2687 588 2745 nihil]
621 2702 712 2730 non
744 2696 789 2730 Β
908 2693 929 2730 7
966 2687 1160 2730 dicimus
1184 2695 1273 2729 BP
1362 2690 1414 2729 10
1447 2689 1601 2742 potest
1634 2693 1717 2728 ΑΒ
1758 2687 1834 2729 Vt.-
1865 2699 1945 2741 po-

275 2747 387 2789 terit
419 2755 462 2788 P
580 2752 632 2789 22
667 2747 736 2789 uti
769 2762 838 2790 om
861 2754 906 2789 Β
1011 2751 1064 2789 23
1097 2745 1438 2801 praepositione
1470 2753 1514 2787 Β
1633 2749 1685 2787 27
1720 2745 1840 2787 sicut
1870 2758 1945 2787 ex-

275 2806 421 2860 posui,
455 2805 523 2847 ita
555 2808 687 2861 gesta
719 2808 826 2848 sunt
858 2813 901 2847 P
928 2819 1026 2848 cum
1062 2805 1148 2848 Cic.
1183 2806 1257 2848 secl
1289 2806 1340 2858 cf
1373 2805 1428 2848 Vt
1452 2819 1487 2859 p
1519 2808 1604 2847 416
1777 2807 1831 2846 29
1865 2804 1945 2845 sed

275 2878 620 2918 nonnumquam
653 2872 696 2906 P
