2055 3130
229 55 255 106 1
264 56 332 108 38
718 55 1091 108 QVINTILIANI
1120 56 1185 100 IN
1188 56 1269 100 ST.
1305 57 1397 100 OR.

225 194 312 240 alii
351 194 733 255 quaestiones
772 194 1145 243 universales
1186 195 1418 255 civiles,
1458 196 1546 242 3111
1585 198 1889 257 quaestio-

223 283 322 314 nes
383 268 738 328 philosopho
807 269 1247 323 convenientis,
1309 269 1589 316 Athenaeus
1657 272 1889 329 partem

169 340 199 382 G
225 355 436 387 causae
487 340 718 401 appellat.
780 341 871 387 hoc
922 357 1075 402 genus
1129 340 1293 389 Cicero
1345 341 1548 389 scientia
1603 345 1651 389 et
1697 345 1889 390 actione

225 413 502 474 distinguit,
553 416 609 460 ut
648 414 712 460 sit
751 413 983 460 scientiae
1025 411 1108 460 ‘an
1146 415 1457 474 providentia
1496 416 1704 464 mundus
1749 431 1888 478 rega-

222 483 338 546 tur',
379 487 584 533 actionis
627 483 709 534 ‘an
755 487 1082 533 accedendum
1132 488 1194 533 ad
1242 504 1346 534 rem
1390 488 1637 548 publicam
1684 489 1888 536 admini-

223 555 507 606 strandam'.
548 559 683 619 prius
721 561 873 606 trium
919 576 1151 622 generum
1191 557 1270 607 ean
1319 561 1398 620 sit,
1449 561 1568 622 quid
1613 563 1692 621 sit,
1747 563 1890 623 quale

223 628 321 692 sit’3
369 634 533 679 omnia
572 634 701 679 enim
739 634 859 680 11366
896 634 1116 696 ignorari
1154 638 1379 694 possunt:
1429 649 1634 695 sequens
1685 634 1891 682 duorum

172 706 194 748 7
226 702 341 766 ‘quo
379 706 524 753 modo
565 706 910 766 adipiscamur,
950 722 1048 767 quo
1079 707 1223 754 modo
1256 704 1486 754 utamur'.
1526 707 1694 755 finitae
1726 712 1892 755 autem

223 782 335 825 sunt
367 795 424 826 ex
456 779 709 840 complexu
738 795 915 840 rerum,
939 796 1272 840 personarum,
1296 782 1572 840 temporum
1597 784 1890 828 ceterorum-

225 868 339 912 que:
378 852 469 899 1136
509 849 768 910 ὑποθέσεις
808 869 837 899 3
870 852 1066 900 Graecis
1106 853 1347 912 dicuntur,
1387 869 1596 901 causae
1636 870 1665 900 a
1695 855 1889 902 nostris.

221 927 273 971 in
311 926 387 973 1113
427 927 584 973 omnis
625 928 845 986 quaestio
885 927 1081 974 videtur
1120 928 1248 973 circa
1293 942 1369 973 res
1409 943 1737 989 personasque
1785 944 1889 975 con-

167 997 196 1041 8
223 1000 406 1046 sistere.
447 1000 656 1060 amplior
695 1003 768 1046 est
807 1015 996 1060 semper
1034 999 1242 1059 infinita,
1289 1000 1401 1046 inde
1442 1002 1570 1047 enim
1619 1001 1760 1048 finita
1811 1001 1890 1048 de-

223 1072 422 1119 scendit.
479 1072 612 1133 quod
665 1075 721 1119 ut
775 1073 995 1134 exemplo
1034 1076 1218 1134 pateat,
1272 1073 1467 1121 infinita
1520 1078 1594 1121 est
1642 1071 1724 1120 ‘an
1770 1091 1892 1122 uxor

223 1141 475 1206 ducenda’,
515 1145 657 1192 finita
691 1143 772 1193 ‘an
806 1145 982 1194 Catoni
1014 1142 1268 1206 ducenda’,
1306 1148 1511 1208 ideoque
1545 1163 1647 1195 esse
1672 1149 1891 1195 suasoria

222 1222 398 1279 potest.
455 1219 538 1266 sed
577 1221 727 1266 etiam
764 1223 980 1267 remotae
1019 1236 1048 1266 a
1086 1221 1305 1281 personis
1345 1221 1556 1282 propriis
1598 1221 1661 1267 ad
1700 1221 1891 1282 aliquid

223 1293 395 1339 referri
433 1293 604 1340 solent.
657 1296 730 1340 est
769 1294 899 1340 enim
939 1294 1143 1354 simplex
1184 1290 1267 1341 ‘an
1313 1310 1388 1340 res
1436 1294 1634 1354 publica
1685 1294 1889 1341 admini-

222 1362 466 1414 stranda':
505 1367 715 1413 refertur
747 1367 809 1413 ad
840 1367 1032 1427 aliquid
1059 1363 1140 1413 ‘an
1171 1368 1224 1413 in
1254 1367 1514 1427 tyrannide
1548 1367 1890 1415 administran-

169 1438 197 1481 9
223 1435 320 1485 da’.
361 1440 445 1486 sed
483 1440 563 1486 hic
603 1456 795 1500 quoque
828 1439 997 1487 subest
1027 1441 1163 1487 velut
1194 1441 1352 1487 latens
1384 1456 1612 1501 persona,
1652 1445 1890 1502 tyrannus

223 1513 353 1558 enim
385 1512 604 1574 geminat
636 1515 988 1574 quaestionem,
1020 1513 1281 1574 subestque
1314 1517 1363 1560 et
1392 1516 1628 1574 temporis
1661 1518 1711 1562 et
1734 1515 1890 1576 quali-

221 1587 340 1633 tatis
379 1587 533 1633 tacita
557 1588 652 1633 vis:
692 1587 907 1634 nondum
938 1589 1105 1633 tamen
1135 1588 1227 1634 1106
1250 1587 1445 1648 proprie
1471 1588 1648 1635 dixeris
1681 1603 1890 1636 causam.

221 1660 312 1705 1136
354 1661 532 1719 autem,
574 1675 694 1720 quas
717 1660 937 1707 infinitas
969 1676 1103 1719 voco,
1143 1664 1191 1707 et
1222 1661 1531 1723 generales
1558 1662 1891 1723 appellantur:

223 1733 352 1794 quod
378 1735 416 1779 si
451 1734 525 1780 est
547 1749 731 1790 verum,
769 1734 937 1781 finitae
963 1734 1259 1795 speciales
1291 1738 1445 1780 erunt.
1486 1735 1536 1780 in
1570 1737 1703 1782 omni
1728 1739 1890 1782 autem

137 1805 198 1848 10
222 1807 423 1866 speciali
460 1808 631 1867 utique
670 1807 797 1855 inest
829 1809 1084 1870 generalis,
1125 1811 1179 1855 ut
1213 1824 1336 1868 quae
1361 1807 1426 1854 sit
1456 1808 1602 1868 prior.
1644 1824 1699 1856 ac
1730 1811 1890 1856 nescio

223 1896 286 1926 an
324 1881 376 1926 in
417 1882 574 1928 causis
609 1897 814 1942 quoque,
856 1881 1094 1942 quidquid
1125 1881 1176 1927 in
1210 1882 1542 1942 quaestionem
1575 1882 1712 1929 venit
1735 1883 1890 1942 quali-

222 1955 357 2013 tatis,
397 1954 622 2015 generale
663 1956 740 2002 sit.
781 1955 900 2002 Milo
942 1953 1166 2002 Clodium
1206 1955 1399 2013 occidit,
1437 1956 1543 2001 iure
1576 1956 1753 2002 occidit
1776 1956 1891 2003 insi-

222 2027 486 2074 diatorem:
537 2043 695 2074 nonne
746 2028 837 2075 hoc
888 2030 1153 2089 quaeritur,
1206 2044 1268 2075 an
1319 2029 1383 2075 sit
1432 2028 1508 2075 ius
1554 2029 1892 2076 insidiatorem

223 2098 506 2147 occidendi?
559 2102 676 2161 quid
713 2103 766 2148 in
817 2100 1143 2149 coniecturis?
1198 2117 1295 2149 11011
1346 2102 1434 2148 1113
1484 2103 1757 2164 generalia:
1810 2099 1891 2149 ‘an

223 2189 370 2220 631133
396 2174 588 2221 sceleris
622 2173 821 2221 odium‘?
861 2173 1139 2235 cupiditas?
1181 2192 1242 2221 an
1274 2176 1530 2221 tormentis
1564 2174 1890 2222 credendum?

221 2247 428 2293 testibus
461 2263 524 2293 311
557 2249 857 2310 argumentis
889 2250 1047 2295 maior
1069 2248 1187 2296 fides
1212 2248 1436 2295 habenda
1450 2244 1509 2308 ‘?',
1533 2263 1647 2295 nam
1671 2249 1890 2296 finitione

223 2320 425 2381 quidem
478 2321 744 2382 conprendi
793 2321 918 2367 nihil
967 2337 1064 2369 non
1113 2323 1164 2368 in
1215 2324 1496 2369 universum
1547 2325 1735 2369 certum
1785 2323 1888 2369 erit.

137 2392 195 2434 11
225 2394 422 2454 quidam
461 2397 640 2455 putant
672 2397 823 2442 etiam
856 2410 936 2442 eas
969 2393 1130 2452 θέσεις
1161 2411 1302 2456 110336
1335 2395 1601 2456 3.11(111311ᾶο
1633 2397 1890 2452 nominari,

223 2483 347 2528 quae
387 2470 605 2528 personis
647 2469 901 2529 causisque
953 2470 1310 2528 contineantur,
1361 2469 1504 2515 aliter
1549 2469 1888 2516 tantummodo

342 2641 366 2678 3
398 2637 559 2680 Partit.
595 2640 708 2680 orat.
744 2642 811 2692 18,
847 2643 898 2680 62

341 2789 366 2826 6
396 2784 525 2838 prius
565 2792 667 2827 BP:
708 2784 908 2840 primum
939 2793 976 2826 Α
1128 2789 1180 2828 10
1223 2785 1311 2829 1136
1354 2793 1456 2828 BP:
1513 2799 1633 2840 (11136
1685 2794 1722 2827 A

224 2846 277 2884 18
309 2843 519 2897 tyrannis
551 2851 595 2885 P

1916 874 1956 905 10

1916 1239 1956 1272 15

1916 1607 1957 1637 20

1915 1974 1956 2005 25

1916 2341 1957 2372 30
