2007 3120
707 84 763 128 Π.
799 89 868 139 13,
902 88 1059 127 7-17,
1095 87 1164 139 14,
1199 88 1236 125 1.
1719 84 1820 135 101

139 227 366 287 primere,
414 226 601 272 velavit
656 224 760 271 eius
809 226 960 284 caput
1015 227 1062 270 et
1109 238 1199 270 suo
1255 225 1430 283 cuique
1479 223 1643 270 animo
1692 223 1828 270 dedit

140 298 515 348 aestimandum.
566 314 727 345 nonne
774 298 888 344 huic
940 297 1101 344 simile
1150 300 1223 344 est
1268 296 1394 343 illud
1443 296 1825 344 Sallustianum:
1853 304 1915 348 14

142 371 277 420 ‘nam
340 373 398 420 de
462 372 760 434 Carthagine
821 375 984 418 tacere
1047 370 1201 419 satius
1262 374 1384 431 puto
1449 386 1599 431 quam
1651 386 1828 431 parum

142 442 318 495 dicere'
335 445 358 494 ἶ)
409 450 613 508 propter
678 461 804 506 quae
873 445 994 492 mihi
1057 461 1247 506 semper
1308 445 1458 492 moris
1520 445 1616 491 fuit
1680 461 1829 505 quam

97 540 115 571 5
141 522 342 568 minime
421 521 626 583 alligare
697 536 774 566 me
864 519 927 566 ad
1009 521 1294 580 praecepta,
1373 534 1500 579 quae
1587 518 1830 565 καθολικά

141 597 378 655 vocitant,
417 595 469 642 id
508 598 595 654 est,
645 597 701 640 ut
749 593 970 640 dicamus
1023 609 1119 654 quo
1170 593 1316 640 modo
1371 607 1646 654 possumus,
1700 593 1828 638 uni-

139 669 401 717 versalia
440 669 520 715 vel
558 669 966 729 perpetualia3
998 683 1110 714 raro
1130 667 1258 713 enim
1276 668 1524 727 reperitur
1547 667 1637 713 hoc
1663 683 1830 729 genus,

139 747 195 791 ut
234 759 332 790 non
370 742 664 789 labefactari
701 745 843 803 parte
885 741 1056 802 aliqua
1105 744 1152 788 et
1201 741 1372 788 subrui
1419 740 1588 801 possit.
1638 741 1722 787 sed
1770 741 1828 788 de
1856 748 1917 791 15

139 818 216 865 his
255 817 447 879 plenius
487 833 574 864 suo
616 816 832 877 quidque
873 816 980 863 loco
1012 815 1358 863 tractabimus:
1399 814 1600 862 interim
1631 815 1745 862 nolo
1780 830 1829 862 se

75 910 116 941 10
141 894 341 938 iuvenes
382 891 501 938 satis
526 892 806 950 instructOS,
846 889 887 937 si
922 906 1067 951 quem
1093 906 1149 937 ex
1173 889 1263 948 his,
1305 890 1391 950 qui
1413 889 1586 936 breves
1617 889 1831 949 plerum-

142 982 236 1026 que
292 965 722 1024 circumferuntur,
776 965 896 1011 artis
952 963 1178 1011 libellum
1234 963 1537 1022 edidicerint,
1593 967 1639 1010 et
1695 964 1833 1010 velut

142 1040 348 1086 decretis
387 1040 726 1087 technicorum
764 1041 901 1085 tutos
951 1042 1141 1098 putent.
1190 1039 1348 1085 multo
1397 1037 1579 1096 labore,
1628 1037 1832 1085 adsiduo

141 1114 320 1174 studio,
359 1115 500 1161 varia
540 1114 903 1172 exercitatione,
942 1112 1170 1173 plurimis
1204 1112 1563 1174 experimentis,
1592 1112 1833 1158 altissima

139 1188 422 1249 prudentia,
461 1188 863 1248 praesentissimo
905 1186 1110 1234 consilio
1152 1190 1345 1234 constat
1386 1201 1463 1233 ars
1498 1186 1706 1233 dicendi.
1748 1185 1834 1232 sed
1861 1193 1922 1236 16

76 1282 117 1311 15
145 1262 411 1309 adiuvatur
450 1262 527 1309 his
569 1278 778 1322 quoque,
820 1261 860 1308 si
899 1264 1068 1308 tamen
1105 1264 1294 1307 rectam
1339 1262 1490 1320 viam,
1537 1277 1636 1307 non
1683 1276 1835 1306 unam

144 1336 357 1383 orbitam
395 1340 683 1395 monstrent,
726 1351 822 1396 qua
863 1335 1108 1382 declinare
1142 1335 1226 1396 qui
1260 1335 1523 1382 crediderit
1554 1336 1708 1394 nefas,
1746 1350 1833 1395 pa-

142 1413 299 1457 tiatur
336 1425 531 1458 necesse
565 1414 638 1457 est
661 1411 802 1457 illam
833 1427 922 1471 per
953 1409 1094 1456 funes
1121 1409 1505 1472 ingredientium
1529 1409 1833 1456 tarditatem.

142 1485 312 1546 itaque
353 1488 401 1532 et
439 1487 648 1533 stratum
682 1483 890 1532 militari
913 1483 1080 1531 labore
1112 1485 1209 1531 iter
1241 1499 1386 1545 saepe
1413 1483 1681 1530 deserimus
1722 1499 1834 1530 con-

144 1559 323 1620 pendio
358 1559 507 1618 ducti,
541 1563 589 1605 et
621 1560 664 1605 si
695 1562 883 1606 rectum
914 1558 1127 1605 limitem
1157 1560 1294 1618 rupti
1324 1557 1626 1605 torrentibus
1658 1561 1833 1619 pontes

76 1651 118 1682 ρο
143 1633 422 1692 inciderint,
474 1634 730 1680 circumire
779 1648 1022 1695 cogemur,
1078 1636 1126 1679 et
1181 1632 1221 1679 si
1267 1633 1419 1678 ianua
1465 1632 1716 1679 tenebitur
1760 1633 1834 1677 in-

144 1707 330 1767 cendio,
354 1724 442 1768 per
465 1707 704 1768 parietem
733 1707 986 1753 exibimus.
1020 1707 1121 1753 late
1152 1707 1318 1753 fusum
1344 1722 1468 1767 opus
1495 1710 1566 1753 est
1592 1710 1641 1753 et
1664 1705 1835 1752 multi-
1861 1712 1920 1756 17

141 1782 255 1843 plex
296 1786 345 1829 et
384 1798 536 1843 prope
578 1782 757 1828 cotidie
798 1797 995 1842 novum,
1051 1784 1098 1828 et
1139 1781 1196 1826 de
1237 1797 1333 1841 quo
1381 1796 1655 1841 numquam
1703 1780 1836 1827 dicta

144 1859 287 1903 erunt
327 1856 506 1903 omnia.
548 1872 675 1917 quae
714 1857 813 1904 sint
852 1859 1021 1902 tamen
1059 1855 1261 1914 tradita,
1311 1854 1430 1915 quid
1479 1871 1535 1900 ex
1582 1855 1659 1902 his
1708 1854 1835 1915 opti-

142 1948 294 1990 mum,
342 1934 391 1977 et
431 1930 472 1977 si
515 1946 613 1991 qua
652 1930 853 1989 mutari,
906 1929 1054 1990 adici,
1104 1929 1298 1976 detrahi
1347 1929 1523 1977 melius
1571 1929 1835 1988 videbitur,

77 2022 118 2053 25
146 2005 305 2052 dicere
346 2004 582 2065 experiar.

572 2129 842 2188 [invisio
876 2129 1092 2174 TOTIUS
1127 2129 1371 2188 opums]

255 2227 385 2274 XIV.
426 2227 791 2274 Rhetoricen
829 2228 881 2274 in
906 2226 1144 2274 Latinum
1173 2227 1525 2274 transferentes
1556 2229 1666 2273 tum
1707 2241 1835 2272 ora—
1893 2232 1919 2275 1

144 2301 383 2365 toriam,
414 2305 521 2349 tum
555 2301 876 2349 oratricem
907 2303 1303 2348 nominaverunt.
1338 2317 1458 2361 quos
1485 2299 1712 2361 equidem
1737 2316 1837 2347 non

148 2376 483 2423 fraudaverim
524 2375 690 2423 debita
728 2376 889 2435 laude,
931 2376 1063 2436 quod
1103 2377 1298 2436 copiam
1337 2374 1551 2422 Romani
1597 2375 1835 2421 sermonis

81 2466 123 2497 30
148 2465 326 2512 augere
365 2450 680 2511 temptarint:
722 2450 806 2497 sed
845 2466 944 2497 non
985 2451 1152 2497 omnia
1190 2465 1280 2497 nos
1319 2448 1551 2496 ducentes
1593 2465 1617 2495 e
1651 2447 1835 2496 Graeco

267 2623 291 2661 3
323 2620 420 2676 Iug.
459 2625 525 2673 19,
562 2626 585 2663 2

269 2786 293 2825 3
325 2786 440 2839 puto
466 2798 537 2828 om
560 2793 598 2826 A
623 2784 758 2827 silere
782 2783 950 2827 melius
975 2786 1090 2840 puto
1117 2785 1215 2828 Sall
1238 2784 1352 2828 codd
1485 2787 1511 2825 4
1527 2782 1670 2827 fuerit
1692 2790 1782 2824 BP

151 2847 176 2884 6
205 2845 376 2886 vocant
405 2851 495 2886 BP
614 2848 668 2886 16
699 2845 927 2887 monstret
956 2851 1046 2886 BP
1071 2845 1075 2900 Ι
1105 2857 1132 2886 a
1172 2857 1266 2898 qua
1298 2843 1351 2886 ed
1394 2843 1543 2886 Badii
1679 2845 1734 2885 20
1767 2841 1836 2883 in-

148 2900 422 2945 terciderint
453 2903 596 2946 Halm
719 2907 774 2946 30
809 2905 852 2959 e]
885 2917 941 2945 ex
971 2902 1078 2944 ΛΞΡ
