2007 3120
198 67 300 119 108
710 65 1084 118 QVINTILIANI
1115 65 1261 109 INST.
1298 65 1389 109 ΟΒ.

196 209 245 253 et
283 221 463 265 eorum,
505 206 590 266 qui
634 220 723 266 pro
769 204 933 264 patria
980 205 1266 263 ceciderant,
1316 204 1512 251 laudem
1559 203 1864 266 scripsisset?

107 280 171 323 30
196 293 320 340 quae
346 281 474 326 certe
506 281 619 326 sunt
652 279 858 324 oratoris
883 293 1041 338 opera.
1084 278 1167 325 sed
1191 278 1241 324 in
1265 277 1389 323 illud
1419 278 1670 324 hominum
1695 295 1864 340 genus,

196 352 327 413 quod
364 351 604 399 facilitate
645 350 837 398 dicendi
881 351 1009 397 male
1056 351 1300 410 utebatur,
1346 351 1567 398 invectus
1615 355 1700 398 est.
1747 368 1864 398 nam

196 427 245 472 et
285 424 509 472 Socrates
548 424 859 470 inhonestam
898 423 990 470 sibi
1030 424 1237 471 credidit
1284 424 1577 480 orationem,
1625 440 1772 484 quam
1820 425 1865 470 ei

194 498 369 558 Lysias
408 513 490 544 reo
530 499 884 558 composuerat,
924 499 972 543 et
995 499 1102 543 tum
1125 498 1335 544 maxime
1360 497 1566 544 scribere
1597 498 1863 560 litigatori-

194 572 300 630 bus,
339 586 464 632 quae
503 570 578 616 illi
617 586 705 631 pro
746 585 796 617 se
834 571 931 630 ipsi
979 570 1208 629 dicerent,
1248 573 1355 617 erat
1391 572 1556 629 moris,
1603 574 1753 631 atque
1793 571 1868 617 ita

196 645 305 704 iuri,
348 660 442 704 quo
482 660 580 690 non
619 643 801 690 licebat
837 659 926 704 pro
967 644 1121 690 altero
1155 659 1312 705 agere,
1353 643 1486 689 fraus
1526 643 1863 690 adhibebatur.

106 717 166 760 31
196 718 416 764 doctores
435 732 626 777 quoque
653 718 754 763 eius
782 717 901 763 artis
925 733 1101 777 parum
1133 716 1296 764 idonei
1328 716 1525 763 Platoni
1558 717 1865 775 videbantur,

197 792 280 851 qui
334 791 608 837 rhetoricen
663 805 691 836 a
744 790 939 836 iustitia.
993 793 1278 850 separarent
1333 792 1381 836 et
1430 791 1557 838 veris
1612 790 1869 837 credibilia

107 863 170 908 32
196 864 524 925 praeferrent,
565 879 680 910 nam
718 863 768 908 id
809 879 1002 924 quoque
1043 863 1161 910 dicit
1198 865 1251 910 in
1290 863 1525 910 Phaedro.
1568 864 1866 911 consensisse

197 940 364 984 autem
417 937 517 983 illis
572 936 903 998 superioribus
966 937 1123 984 videri
1178 939 1341 998 potest
1407 937 1557 983 etiam
1612 936 1866 983 Cornelius

198 1010 379 1070 Celsus,
442 1011 577 1057 cuius
639 1010 757 1057 haec
818 1010 968 1057 verba
1022 1012 1156 1057 sunt:
1223 1006 1408 1057 ‘orator
1462 1010 1619 1057 simile
1672 1012 1868 1057 tantum

195 1084 298 1131 veri
352 1079 498 1144 petit'
561 1083 734 1130 deinde
795 1084 942 1144 paulo
1004 1086 1136 1144 post:
1200 1079 1316 1131 ‘non
1379 1083 1507 1129 enim
1567 1083 1695 1130 bona
1757 1098 1866 1130 con-

197 1158 422 1216 scientia,
499 1157 581 1203 sed
642 1158 852 1204 victoria
918 1157 1163 1220 litigantis
1226 1159 1298 1204 est
1366 1152 1672 1217 praemium',
1743 1171 1868 1217 quae

198 1232 238 1277 si
293 1247 409 1277 vera
463 1232 644 1289 essent,
705 1231 1027 1291 pessimorum
1089 1231 1344 1277 hominum
1406 1230 1533 1277 foret
1584 1231 1704 1277 haec
1763 1233 1868 1276 tam

197 1305 470 1365 perniciosa
509 1304 867 1352 nocentissimis
907 1304 1121 1350 moribus
1163 1304 1277 1351 dare
1324 1305 1651 1350 instrumenta
1702 1305 1750 1350 et
1788 1318 1869 1350 ne-

77 1423 98 1442 —„
198 1379 407 1438 quitiam
445 1379 719 1438 praeceptis
769 1377 1014 1424 adiuvare.
1067 1377 1151 1424 sed
1205 1377 1279 1423 illi
1329 1378 1570 1423 rationem
1622 1377 1868 1438 opinionis

36 1445 96 1582 f
198 1467 313 1498 suae
353 1450 578 1498 viderint.

31 1576 48 1592 ‚fi
109 1523 172 1567 33
308 1525 410 1571 Nos
450 1527 614 1571 autem
645 1525 854 1586 ingressi
886 1525 1096 1571 formare
1129 1524 1395 1585 perfectum
1433 1527 1690 1583 oratorem,
1725 1537 1870 1583 quem

28 1596 47 1611 '‘
196 1597 248 1643 in
287 1599 459 1659 primis
499 1612 600 1645 esse
640 1599 800 1644 virum
838 1597 1019 1644 bonum
1046 1598 1286 1656 volumus,
1327 1597 1386 1644 ad
1429 1612 1524 1655 eos,
1565 1598 1651 1657 qui
1689 1596 1747 1643 de
1777 1596 1869 1643 hoc

198 1687 341 1731 opere
380 1671 555 1718 melius
595 1672 827 1730 sentiunt,
867 1674 1181 1718 revertamur.
1229 1670 1502 1718 rhetoricen
1550 1673 1715 1717 autem
1763 1670 1869 1730 qui-

199 1744 309 1791 dam
351 1745 553 1791 eandem
593 1740 922 1791 ‘civilitatem’
964 1760 1065 1792 esse
1103 1744 1458 1803 iudicaverunt,
1501 1743 1665 1791 Cicero
1699 1739 1870 1791 ‘scien-

196 1820 298 1865 tiae
354 1814 531 1864 civilis'
585 1820 777 1879 partem
826 1821 971 1864 vocat
1032 1811 1215 1883 (civilis
1277 1821 1443 1864 autem
1490 1818 1695 1864 scientia
1739 1817 1870 1863 idem

199 1892 328 1952 quod
369 1892 613 1952 sapientia
652 1885 764 1957 est),
806 1891 1006 1951 quidam
1046 1891 1246 1938 eandem
1287 1886 1703 1952 ‘philosophiam',
1752 1905 1868 1950 quo-

110 1962 173 2007 34
198 1982 308 2011 rum
348 1968 420 2012 est
458 1965 711 2012 Isocrates.
753 1965 864 2012 huic
916 1966 1018 2012 eius
1058 1965 1360 2013 substantiae
1407 1960 1729 2027 <Cleanthis>
1767 1979 1869 2010 ma-
1895 1980 1914 2010 ε

198 2039 325 2085 xime
367 2038 621 2086 conveniet
659 2039 818 2085 finitio
855 2034 1146 2085 ‘rhetoricen
1186 2053 1286 2090 esse
1325 2038 1447 2085 bene
1487 2037 1678 2085 dicendi
1717 2037 1869 2084 scien-

198 2107 354 2158 tiam’.
397 2127 513 2158 nam
552 2114 600 2158 et
639 2113 875 2159 orationis
915 2126 1080 2159 omnes
1119 2112 1326 2159 virtutes
1367 2111 1513 2158 semel
1546 2111 1872 2171 conplectitur

200 2188 249 2232 et
287 2187 512 2246 protinus
552 2186 701 2232 etiam
747 2201 904 2233 mores
957 2186 1180 2243 oratoris,
1234 2200 1341 2231 cum
1393 2185 1513 2232 bene
1564 2184 1722 2231 dicere
1773 2199 1871 2230 non

199 2260 354 2319 possit
393 2259 490 2305 nisi
535 2258 702 2306 bonus.
750 2259 881 2306 idem
927 2259 1059 2305 valet
1100 2257 1362 2319 Chrysippi
1409 2257 1518 2304 finis
1566 2258 1650 2304 ille
1697 2257 1870 2304 ductus

111 2329 174 2373 35
200 2348 227 2378 a
293 2331 540 2389 Cleanthe,
610 2328 834 2379 'scientia
888 2334 1018 2379 recte
1073 2329 1297 2378 dicendi'.
1354 2334 1468 2378 sunt
1520 2332 1683 2391 plures
1745 2331 1868 2378 eius-

201 2405 325 2465 dem,
365 2406 448 2453 sed
482 2405 542 2452 ad
575 2407 701 2452 alias
733 2407 1044 2467 quaestiones
1076 2407 1234 2468 magis
1266 2406 1525 2467 pertinent.
1567 2404 1695 2450 idem
1720 2405 1872 2451 sentit

319 2564 372 2602 10
386 2575 416 2615 p
432 2564 515 2602 267
531 2561 570 2602 Α
585 2587 639 2592 —-
655 2560 887 2604 22Deinv.
906 2565 944 2614 1,
959 2565 1000 2613 5,
1016 2565 1039 2602 6
1070 2586 1123 2591 —
1151 2564 1206 2602 25
1221 2557 1539 2615 qu1.frg.491
1553 2557 1652 2601 Chr.
1666 2559 1868 2600 292Arn.

319 2743 374 2780 24
408 2737 598 2793 quidam
631 2736 772 2780 etiam
804 2735 1127 2792 philosophiae
1159 2742 1247 2778 BP
1285 2736 1291 2790 Ι
1334 2748 1529 2789 quorum
1575 2735 1644 2776 est
1674 2734 1730 2776 Is.
1763 2741 1867 2776 BP:

201 2797 280 2839 sed
310 2797 527 2840 Isocratis
559 2795 619 2837 ΑΞ
739 2801 793 2838 25
827 2795 925 2838 eius
958 2808 1029 2838 om
1059 2795 1176 2850 ΒΡΙ
1206 2793 1440 2836 Cleanthis
1473 2793 1566 2836 add
1597 2793 1811 2836 Kiderlin

203 2860 254 2897 31
291 2856 432 2898 sentit
464 2858 509 2898 et
542 2855 789 2911 §Paldinffl
821 2854 1012 2896 sentiret

1891 881 1934 912 10

1893 1246 1935 1278 15

1894 1613 1937 1644 20

1895 2347 2007 2399 304
