2055 3130
265 62 372 113 262
759 23 1132 113 ovamANi
1160 61 1310 104 INST.
1345 60 1437 104 on.

265 200 508 262 prioribus
549 201 790 259 supererit
829 194 1073 247 ‘alienus'z
1111 201 1439 260 periculosum
1478 203 1526 247 et
1566 216 1673 247 cum
1714 216 1830 248 cura
1861 203 1934 248 in-

265 274 501 320 tuendum
540 289 706 335 genus,
754 274 885 333 quia,
941 275 983 319 si
1020 274 1072 318 in
1126 273 1439 334 proponendo
1486 291 1635 320 unum
1685 274 1936 335 quodlibet

177 347 239 392 68
267 347 587 406 omiserimus,
641 361 751 392 cum
796 347 899 393 risu
946 361 1136 406 quoque
1191 348 1298 393 tota
1351 362 1425 393 res
1489 347 1707 394 solvitur.
1763 348 1937 407 tutius,

268 420 396 480 quod
437 419 605 466 Cicero
652 435 740 479 pro
789 417 998 465 Caecina
1053 420 1188 478 facit,
1236 434 1345 466 cum
1394 421 1680 482 interrogat,
1727 421 1770 468 si
1814 421 1936 468 haec

268 495 394 540 actio
434 509 531 539 non
572 494 650 551 sit,
702 508 828 553 quae
867 490 965 539 sit‘?
1014 493 1158 538 simul
1209 493 1340 539 enim
1391 496 1704 540 removentur
1757 496 1934 541 omnia.
1984 511 2003 543 5

269 567 346 613 vel
387 581 496 612 cum
536 565 630 611 duo
662 567 907 626 ponentur
938 566 1067 612 inter
1098 581 1148 612 se
1181 568 1441 625 contraria,
1483 583 1692 627 quorum
1723 568 1938 614 tenuisse

266 639 556 686 utrumlibet
602 638 830 698 sufficiet,
894 639 1037 699 quale
1080 637 1322 686 Ciceronis
1365 642 1458 686 est:
1514 635 1684 686 ‘unum
1743 640 1939 700 quidem

267 716 395 759 certe
436 727 577 758 nemo
618 713 712 758 erit
750 714 854 758 tam
892 713 1120 759 inimicus
1164 711 1387 759 Cluentio
1430 714 1515 773 qui
1554 712 1676 759 mihi
1699 729 1795 760 non
1828 728 1938 760 con-

267 786 430 845 cedat,
477 786 518 832 si
558 787 747 832 constet
787 787 1069 846 corruptum
1119 785 1242 832 illud
1290 801 1391 833 esse
1440 786 1690 845 iudicium,
1745 789 1831 832 aut
1879 787 1938 834 ab

265 859 450 905 Habito
492 862 578 904 aut
617 858 677 905 ab
712 856 982 919 Oppianico
1016 873 1117 906 esse
1151 861 1453 920 corruptum:
1494 861 1537 906 si
1567 860 1715 906 doceo
1748 875 1843 906 non
1877 860 1938 906 ab
1965 878 2007 909 10
2050 890 2053 902 ι

267 932 466 990 Habito,
498 933 640 978 vinco
666 932 725 978 ab
753 930 1040 992 Oppianico,
1074 934 1115 979 si
1140 932 1341 980 ostendo
1374 933 1434 978 ab
1469 931 1756 994 Oppianico,
1781 948 1939 995 purgo

180 1007 243 1049 69
267 1001 540 1052 Habitum'.
580 1005 636 1051 fit
661 1007 810 1052 etiam
844 1021 900 1051 ex
933 1005 1135 1064 duobus,
1170 1022 1379 1066 quorum
1411 1021 1604 1053 necesse
1631 1008 1705 1053 est
1729 1007 1941 1054 alterum

267 1095 439 1126 verum
477 1075 665 1141 (esse),
706 1078 916 1141 eligendi
957 1079 1237 1126 adversario
1269 1082 1501 1140 potestas,
1536 1079 1843 1140 efficiturque
1869 1083 1940 1139 ut,

268 1157 435 1200 utrum
468 1153 683 1214 elegerit,
718 1155 902 1199 noceat.
930 1153 1050 1198 facit
1081 1153 1172 1199 hoc
1199 1151 1365 1199 Cicero
1398 1169 1486 1213 pro
1514 1151 1698 1213 Oppio:
1740 1150 1940 1213 ‘utrum,

269 1241 378 1272 cum
414 1225 607 1273 Cottam
640 1227 923 1287 appetisset,
965 1242 1025 1272 an
1059 1241 1167 1272 cum
1200 1226 1302 1286 ipse
1335 1241 1385 1272 se
1419 1229 1677 1273 conaretur
1708 1227 1938 1287 occidere,
1967 1243 2007 1275 15

268 1301 422 1346 telum
448 1316 471 1346 θ
504 1299 729 1346 manibus
757 1302 978 1359 ereptum
1012 1302 1082 1346 est
1096 1295 1137 1344 ‘3³’
1171 1302 1219 1345 et
1250 1314 1338 1360 pro
1364 1299 1582 1346 Vareno:
1615 1295 1770 1360 ‘optio
1802 1300 1941 1347 vobis

270 1373 430 1433 datur,
472 1375 636 1419 utrum
677 1373 838 1419 velitis
881 1388 995 1419 casu
1034 1373 1121 1419 illo
1161 1373 1337 1419 itinere
1370 1372 1619 1420 Varenum
1657 1389 1799 1421 usum
1839 1389 1942 1421 esse

272 1463 332 1493 an
372 1447 515 1493 huius
557 1462 792 1506 persuasu
833 1449 881 1492 et
919 1441 1166 1493 inductu':
1207 1446 1378 1494 deinde
1402 1451 1612 1507 utraque
1643 1447 1763 1495 facit
1803 1462 1943 1495 accu-

185 1521 245 1564 70
270 1521 422 1568 satori
463 1521 721 1567 contraria.
775 1520 974 1566 interim
1014 1519 1108 1566 duo
1148 1520 1220 1566 ita
1258 1523 1614 1580 proponuntur,
1654 1524 1709 1567 ut
1755 1523 1943 1567 utrum-

269 1594 390 1640 libet
437 1594 643 1640 electum
690 1593 820 1639 idem
876 1591 1071 1652 efficiat,
1128 1594 1271 1653 quale
1326 1597 1419 1640 est:
1477 1591 1942 1655 ‘philosophandum
1969 1611 2011 1641 20

269 1663 392 1729 (est,
417 1669 565 1714 etiam
590 1669 632 1714 si
657 1683 753 1713 non
779 1669 853 1714 est
883 1662 1400 1727 philosophandum'>,
1442 1671 1489 1714 et
1513 1667 1636 1713 illud
1661 1668 1943 1730 vulgatum:

272 1737 386 1801 ‘quo
428 1741 636 1799 schema,
677 1742 718 1788 Si
756 1738 1094 1802 intellegitur?
1135 1756 1247 1801 quo,
1287 1741 1329 1788 si
1361 1756 1458 1788 non
1489 1738 1848 1804 intellegitur‘?'
1893 1743 1943 1787 et

274 1811 557 1861 ‘mentietur
595 1816 645 1860 in
686 1815 941 1861 tormentis
983 1815 1067 1874 qui
1107 1814 1324 1861 dolorem
1363 1815 1467 1874 pati
1507 1816 1692 1877 potest,
1739 1815 1943 1862 mentie-

272 1891 354 1934 tur
395 1890 479 1948 qui
519 1904 615 1934 non
655 1883 852 1948 potest-⁹.

188 1963 242 2006 71
384 1961 451 2008 Ut
490 1966 605 2008 sunt
644 1965 808 2008 autem
853 1961 951 2008 tria
997 1965 1234 2022 tempora,
1284 1963 1357 2008 ita
1407 1961 1524 2008 ordo
1575 1977 1737 2008 rerum
1786 1961 1945 2008 tribus
1971 1977 2012 2009 25

272 2036 531 2082 momentis
594 2039 842 2082 consertus
906 2039 998 2082 est:
1062 2036 1244 2082 habent
1305 2036 1434 2082 enim
1505 2035 1670 2082 omnia
1730 2036 1944 2094 initium,

271 2110 649 2167 incrementum,
734 2124 995 2169 summam,
1066 2111 1121 2155 ut
1193 2110 1429 2171 iurgium,
1506 2105 1697 2170 (rixa)
1773 2108 1945 2155 deinde

274 2182 456 2229 caedes.
525 2186 597 2229 est
653 2198 767 2244 ergo
822 2183 899 2229 hic
970 2186 1371 2244 argumentorum
1433 2198 1625 2243 quoque
1679 2182 1816 2229 locus
1873 2184 1945 2228 in-

273 2258 430 2302 vicem
477 2256 810 2316 probantium,
867 2272 981 2302 nam
1029 2260 1076 2303 et
1124 2272 1181 2303 ex
1227 2256 1383 2302 initiis
1436 2271 1625 2303 summa
1680 2256 1947 2318 colligitur,

276 2329 419 2389 quale
461 2333 554 2377 est:
612 2326 726 2376 ‘non
773 2344 970 2390 possum
1015 2334 1184 2392 togam
1222 2333 1527 2390 praetextam
1582 2344 1790 2390 sperare,
1837 2344 1947 2376 cum
1973 2347 2014 2378 30
2054 2382 2055 2386 ,

286 2516 315 2556 ἃ
361 2424 649 2556 Halala-37
686 2481 738 2486 -—
775 2459 797 2496 7
830 2470 874 2509 p.
902 2454 1077 2498 Cluent.
1105 2459 1173 2506 23,
1202 2459 1256 2498 64
1282 2481 1335 2486 —-
1365 2459 1417 2496 14
1442 2454 1494 2497 fr.
1523 2455 1574 2496 A.
1593 2454 1655 2496 ΠΙ
1682 2459 1702 2496 1
1733 2480 1786 2486 -
1815 2459 1867 2497 16
1893 2453 1946 2495 fr.

275 2548 292 2556 1
322 2549 327 2556 .
437 2520 457 2556 1

397 2621 418 2633 μ-

402 2631 413 2658 c
453 2619 522 2659 est
546 2631 612 2660 om
643 2626 676 2659 Α
771 2622 823 2660 13
857 2631 954 2660 esse
979 2618 1051 2660 hie
1076 2618 1167 2659 add
1194 2618 1380 2660 Meister
1484 2621 1536 2658 15
1571 2629 1630 2658 an
1655 2624 1713 2658 P:
1733 2617 1782 2658 at
1807 2624 1840 2657 Α
1868 2617 1949 2658 aut

275 2683 320 2717 B
345 2677 351 2730 Ι
380 2689 477 2718 sese
508 2683 597 2718 BP
716 2682 767 2719 16
802 2676 843 2719 ei
877 2690 900 2718 e
934 2684 977 2718 Ρ
1095 2681 1146 2718 21
1183 2679 1252 2718 est
1284 2675 1424 2718 etiam
1458 2689 1490 2717 ε.
1517 2690 1560 2716 11.
1587 2688 1623 2717 θ.
1657 2674 1822 2730 philos.
1856 2675 1950 2718 add

286 2735 419 2777 Valla
449 2749 503 2777 ex
527 2737 724 2779 Asconio
846 2740 900 2778 26
933 2735 1118 2776 initium
1145 2735 1237 2777 add
1270 2733 1331 2776 Ρ2
1451 2738 1504 2776 27
1537 2733 1638 2776 rixa
1663 2734 1824 2777 addidi
1848 2734 1950 2776 conl

283 2793 385 2837 Tae.
417 2794 516 2836 hist.
550 2794 570 2835 Ι
603 2800 672 2848 64,
706 2798 729 2836 9
767 2795 912 2838 Germ.
947 2798 1016 2847 22,
1051 2798 1074 2835 6
1196 2798 1250 2837 28
1284 2794 1355 2836 est
1385 2805 1493 2848 ergo
1528 2800 1625 2834 AB:
1668 2794 1714 2835 et
1746 2805 1854 2848 ergo
1887 2793 1949 2834 Ρι

277 2854 324 2894 et
356 2855 545 2907 strages.
580 2867 687 2910 ergo
722 2852 784 2895 Ρ2
815 2855 862 2896 et
893 2855 1068 2908 strages
1100 2861 1162 2894 ab
