2007 3120
633 39 667 82 Ι.
717 43 757 91 6,
792 43 980 82 37—45.
1032 45 1072 93 τ,
1107 43 1234 81 1-3.
1708 40 1786 91 4?

90 175 502 243 ‘parricidatum',
555 179 684 240 quod
723 180 775 225 in
816 177 984 225 Caelio
1024 179 1106 225 vix
1146 178 1404 226 tolerabile
1444 180 1654 240 videtur,
1693 196 1782 227 nec

90 251 278 302 ‘collos'
311 254 435 301 mihi
466 252 646 300 Calvus
679 253 1000 314 persuaserit:
1035 268 1163 313 quae
1188 269 1276 300 nec
1301 255 1399 314 ipsi
1422 254 1521 300 iam
1550 255 1780 301 dicerent.

201 328 435 390 Superest
480 329 637 390 igitur
677 327 1069 374 consuetudo:
1120 343 1237 373 nam
1275 327 1428 374 fuerit
1468 344 1623 388 paene
1662 329 1780 374 ridi-
1808 327 1877 372 43

89 404 256 451 culum
305 403 455 450 malle
507 417 794 460 sermonem,
851 417 947 462 quo
994 401 1149 448 locuti
1198 403 1297 448 sint
1342 401 1580 463 homines,
1635 419 1783 463 quam

45 496 62 527 5
91 494 186 539 quo
226 478 508 537 loquantur.
558 478 607 522 et
646 491 762 522 sane
804 475 923 537 quid
964 477 1037 522 est
1076 475 1213 521 aliud
1251 478 1394 523 vetus
1436 491 1594 524 sermo
1636 492 1786 537 quarn

89 554 230 599 vetus
270 550 505 612 loquendi
544 548 881 597 consuetudo?
928 550 1012 597 sed
1050 549 1164 596 111116
1203 551 1302 611 ipsi
1341 552 1671 597 necessarium
1712 553 1787 598 est-

87 626 340 685 iudjcium,
389 624 884 685 constituendumque
923 626 976 670 in
1015 626 1204 685 primis,
1251 624 1304 671 id
1341 626 1507 685 ipsum
1547 625 1665 686 quid
1706 626 1784 685 sit,

89 700 221 762 quod
260 699 664 747 consuetudinem
704 714 946 745 vocemus.
988 714 1115 760 quae
1157 699 1199 746 si
1238 715 1295 745 ex
1336 715 1408 759 eo,
1447 699 1580 760 quod
1617 699 1786 760 plures
1812 697 1885 742 44*

89 776 294 835 faciunt,
326 789 505 821 nomen
539 773 766 834 accipiat,
799 773 1270 834 periculosissimum
1304 773 1444 819 dabit
1467 776 1788 835 praeceptum

0 866 65 898 ,ιο
89 865 187 896 non
222 849 436 896 orationi
466 847 627 907 modo,
669 848 767 906 sed,
810 847 940 908 quod
979 849 1138 895 maius
1172 850 1258 907 est,
1298 849 1453 895 vitae:
1494 848 1623 895 unde
1657 848 1788 894 enim

88 925 286 970 tantum
324 922 455 981 boni,
495 924 552 969 ut
589 921 814 983 pluribus
859 937 982 982 quae
1014 925 1150 969 recta
1183 924 1299 969 sunt
1329 920 1593 983 placeant?
1633 923 1792 985 igitur

90 999 147 1044 ut
185 997 304 1044 velli
351 999 399 1043 et
446 1012 636 1044 comam
681 998 734 1042 in
781 996 963 1058 gradus
1003 997 1231 1059 frangere
1272 1000 1322 1042 et
1360 997 1412 1042 in
1451 997 1640 1044 balneis
1680 1013 1790 1058 per-

89 1074 290 1133 potare,
353 1071 627 1133 quamlibet
687 1071 808 1117 haec
870 1072 1144 1118 invaserint
1199 1071 1479 1131 civitatem,
1541 1087 1640 1118 non
1696 1073 1793 1118 erit

93 1146 409 1205 consuetudo,
458 1147 574 1206 quia
622 1145 747 1192 nihil
792 1145 969 1192 horum
1009 1148 1143 1193 caret
1182 1147 1496 1206 reprensione
1538 1140 1614 1210 (at
1653 1146 1791 1193 lava-

26 1239 66 1269 15
91 1238 203 1267 mur
250 1223 298 1267 et
345 1219 611 1266 tondemur
649 1223 697 1267 et
738 1220 1045 1267 convivimus
1086 1237 1142 1267 ex
1183 1213 1579 1285 consuetudine),
1631 1222 1698 1268 sic
1738 1222 1791 1266 in

91 1295 354 1356 loquendo,
394 1310 493 1341 non
532 1294 574 1341 si
616 1294 733 1355 quid
773 1296 952 1341 vitiose
992 1295 1162 1341 multis
1201 1295 1452 1354 insederit,
1492 1311 1581 1356 pro
1616 1295 1793 1357 regula

94 1370 330 1416 sermonis
380 1368 721 1429 accipiendum
769 1370 875 1416 erit.
947 1385 1062 1415 nam
1109 1372 1166 1415 ut
1212 1372 1477 1429 transeam,
1534 1386 1679 1430 quem
1730 1369 1792 1416 ad
1817 1367 1888 1412 452

93 1443 294 1491 modum
343 1443 493 1506 vulgo
544 1444 766 1504 imperiti
815 1443 1100 1504 loquantur,
1154 1446 1262 1491 tota
1309 1459 1454 1504 saepe
1500 1445 1697 1491 theatra
1745 1446 1793 1491 et

95 1534 289 1565 omnem
329 1519 448 1565 circi
486 1517 688 1565 turbam
721 1519 1018 1565 exclamasse
1052 1517 1259 1565 barbare
1293 1520 1488 1566 scimus.
1531 1535 1646 1581 ergo
1681 1533 1791 1565 con-

29 1611 71 1641 20
98 1592 407 1640 suetudinem
455 1593 691 1639 sermonis
740 1592 926 1640 vocabo
967 1608 1256 1640 consensum
1298 1593 1617 1653 eruditorum,
1665 1594 1795 1640 sicut

94 1667 296 1714 vivendi
336 1682 626 1714 consensum
665 1666 917 1714 bonorum.

208 1741 318 1788 VH.
359 1741 517 1801 Nunc,
553 1743 786 1802 quoniam
821 1741 1046 1801 diximus,
1080 1758 1204 1803 quae
1240 1742 1304 1788 sit
1335 1741 1574 1803 loquendi
1605 1743 1792 1803 regula,
1826 1742 1856 1784 1

97 1816 381 1876 dicendum,
445 1831 571 1876 quae
634 1815 961 1863 scribentibus
1025 1816 1366 1875 custodienda,
1431 1816 1562 1877 quod
1618 1815 1794 1864 Graeci

99 1887 444 1954 ὀρθογραφίαυ
498 1892 694 1950 vocant,
756 1906 844 1937 nos
899 1893 1058 1938 recte
1115 1891 1423 1938 scribendi
1478 1892 1795 1938 scientiam

31 1982 73 2014 25
96 1965 419 2012 nominemus.
469 1965 606 2011 cuius
641 1980 719 2012 ars
751 1981 850 2011 non
881 1966 936 2011 in
967 1965 1059 2013 hoc
1090 1965 1254 2026 posita
1288 1967 1374 2025 est,
1414 1966 1470 2012 ut
1501 1967 1795 2025 noverimus,

100 2038 281 2100 quibus
333 2055 557 2100 quaeque
606 2039 800 2100 syllaba
845 2039 1029 2086 h'tteris
1078 2042 1267 2087 constet
1321 2033 1460 2105 (nam
1506 2040 1558 2087 id
1599 2040 1795 2101 quidem

97 2114 230 2160 infra
281 2115 595 2176 grammatici
646 2113 864 2161 officium
915 2107 1027 2179 est),
1083 2115 1167 2161 sed
1216 2117 1391 2174 totam,
1445 2118 1504 2160 ut
1549 2130 1660 2161 mea
1701 2116 1798 2162 fert

100 2187 289 2249 opinio,
345 2188 680 2249 suptilitatem
733 2189 786 2234 in
842 2188 1004 2235 dubiis
1050 2189 1220 2236 habet:
1277 2191 1333 2235 ut
1379 2190 1542 2251 longis
1590 2189 1794 2250 syllabis
1825 2187 1856 2231 2

101 2261 326 2309 omnibus
368 2262 612 2324 adponere
653 2262 843 2325 apicem
874 2264 1242 2325 ineptissimum
1275 2266 1362 2324 est,
1404 2264 1522 2325 quia
1552 2264 1796 2324 plurimae

36 2354 77 2386 30
101 2338 281 2383 natura
319 2337 430 2398 ipsa
470 2337 621 2398 verbi,
663 2337 793 2398 quod
834 2338 1079 2399 scribitur,
1118 2341 1306 2399 patent,
1348 2338 1433 2386 sed
1470 2340 1672 2385 interim
1711 2355 1797 2384 ne—

102 2413 382 2471 cessarium,
437 2427 548 2458 cum
603 2412 774 2459 eadem
827 2411 996 2459 littera
1052 2413 1206 2459 alium
1255 2415 1402 2474 atque
1452 2414 1606 2459 alium
1654 2413 1795 2460 intel-

102 2486 300 2545 lectum,
339 2489 487 2547 prout
526 2489 752 2548 correpta
789 2487 869 2533 vel
908 2487 1151 2548 producta
1191 2489 1278 2549 est,
1319 2487 1460 2534 facit:
1500 2490 1557 2533 ut
1598 2483 1794 2534 ‘malus'
1827 2486 1863 2529 3⁷

104 2559 327 2607 arborem
375 2560 620 2623 significet
666 2576 730 2607 an
776 2561 1026 2608 1101010610
1072 2578 1172 2609 000
1222 2562 1406 2609 bonum
1447 2564 1583 2623 apice
1625 2561 1796 2608 distin-

105 2635 286 2697 guitur,
336 2630 515 2696 ‘palus'
558 2634 695 2682 aliud
741 2636 905 2696 priore
954 2636 1145 2697 syllaba
1185 2637 1349 2699 longa,
1398 2636 1534 2683 aliud
1574 2636 1799 2696 sequenti

227 2810 250 2848 7
292 2806 406 2861 quid
441 2806 517 2860 sit,
558 2807 702 2865 quod]
737 2821 828 2862 quo
860 2815 906 2849 B
1047 2812 1103 2849 24
1141 2807 1229 2850 hoc
1261 2821 1345 2850 nos
1378 2815 1414 2849 A
1560 2812 1614 2850 28
1654 2807 1726 2865 ut]
1767 2821 1799 2849 u

109 2866 157 2908 in
187 2879 265 2909 ras
295 2873 381 2907 ΑΡ
498 2871 553 2908 33
586 2869 745 2909 utrum
777 2872 883 2911 ante
916 2866 1127 2910 arborem
1158 2868 1233 2910 ins
1264 2875 1308 2909 P
