2007 3120
645 80 679 124 Ι.
730 85 770 134 9,
805 85 934 123 3—6.
982 84 1051 135 10,
1086 84 1213 123 1—8.
1723 79 1796 131 57

96 224 240 270 stitui
288 221 540 284 triangula
581 222 752 282 aequis
792 220 1032 267 lateribus
1071 218 1298 282 possint‘?
1355 228 1441 266 aut
1481 235 1577 280 quo
1617 221 1796 266 melius

94 297 174 344 vel
222 296 453 343 defendet
498 311 638 342 reum
685 295 765 341 vel
809 297 950 357 reget
989 295 1210 354 consilia,
1262 293 1348 354 qui
1390 294 1609 340 citharae
1651 308 1796 340 sonos

95 369 377 418 nominibus
418 372 466 417 et
507 371 681 430 spatiis
723 367 1040 415 distinxerit?
1079 370 1368 416 enumerent
1401 368 1552 414 etiam
1584 367 1795 414 fortasse
1823 365 1859 409 4

93 445 275 491 multos
316 443 591 505 quamlibet
628 443 776 490 utiles
816 444 939 503 foro,
980 444 1067 503 qui
1105 458 1264 503 neque
1304 445 1585 504 geometren
1627 441 1796 488 audie-

52 520 198 567 5rint
258 533 347 565 nec
408 518 618 565 musicos
681 517 779 564 nisi
831 517 924 564 hac
979 518 1228 564 communi
1279 517 1537 577 voluptate
1595 517 1790 562 aurium

93 593 401 655 intellegant.
482 591 658 652 quibus
722 607 812 654 ego
867 593 1086 653 primum
1146 591 1239 638 hoc
1299 590 1596 651 respondeo,
1660 589 1793 650 quod

94 666 158 713 M.
195 665 363 713 Cicero
412 667 595 726 scripto
649 666 711 712 ad
758 666 972 712 Brutum
1021 666 1149 712 libro
1196 666 1507 725 frequentius
1553 666 1793 711 testatur:

94 757 194 788 non
234 757 345 787 eum
386 756 413 787 a
453 740 593 788 nobis
633 740 833 787 institui
866 743 1126 799 oratorem⁷
1169 740 1255 800 qui
1287 739 1352 786 sit
1385 742 1470 785 aut-
1501 739 1667 797 fuerit,
1708 736 1795 785 sed

93 815 359 878 imaginem
415 815 667 876 quandam
717 814 997 875 concepisse
1047 830 1136 861 nos
1188 814 1353 860 animo
1400 814 1609 873 perfecti
1655 812 1794 858 illius

29 908 71 938 10
96 894 144 936 et-
182 890 320 936 nulla
358 891 500 949 parte
533 890 783 937 cessantis.
823 904 940 935 nam
973 891 1022 935 et
1054 889 1330 950 sapientem
1361 887 1633 934 formantes
1667 903 1795 945 eum,
1822 891 1856 935 5

97 964 184 1024 qui
223 965 288 1010 sit
327 964 523 1010 futurus
564 966 935 1010 consummatus
973 963 1191 1023 undique
1233 965 1295 1022 et,
1342 965 1400 1008 ut
1439 962 1624 1022 dicunt,
1662 977 1794 1008 mor-

95 1038 213 1084 talis
267 1037 468 1098 quidam
522 1037 654 1098 deus,
709 1053 808 1084 non
854 1038 1000 1084 modo
1049 1038 1330 1099 cognitione
1380 1037 1667 1083 caelestium
1713 1035 1795 1082 vel

96 1112 386 1159 mort-alium
431 1114 615 1173 putant
661 1111 1019 1172 instruendum,
1076 1111 1160 1158 sed
1208 1127 1298 1172 per
1346 1111 1589 1171 quaedam
1635 1125 1798 1171 parva

98 1202 229 1246 sane,
285 1187 328 1234 si
380 1187 490 1246 ipsa
546 1186 743 1232 demum
799 1188 1042 1245 aestimes,
1097 1186 1285 1233 ducunt
1341 1187 1470 1232 sicut
1522 1185 1796 1245 exquisitas

32 1279 72 1309 15
96 1261 297 1307 interim
338 1260 712 1323 ambiguitates:
752 1277 851 1307 non
891 1261 1011 1322 quia
1045 1261 1293 1307 ceratinae
1328 1263 1414 1307 aut
1446 1259 1798 1307 crocodillinae

96 1336 289 1396 possint
335 1336 495 1382 facere
542 1337 829 1395 sapientem,
886 1335 971 1382 sed
1018 1337 1136 1396 quia
1182 1335 1327 1381 illum
1371 1350 1431 1380 ne
1479 1335 1531 1380 in
1578 1333 1797 1380 minimis

98 1410 297 1470 quidem
338 1411 566 1471 oporteat
603 1410 726 1456 falli.
792 1410 1022 1456 similiter
1072 1412 1335 1468 oratorem,
1385 1409 1470 1469 qui
1510 1407 1652 1455 debet
1694 1422 1797 1455 esse
1825 1411 1861 1455 6

99 1485 308 1545 sapiens,
363 1500 464 1532 non
520 1487 790 1547 geometres
842 1484 991 1531 faciet
1040 1487 1127 1531 aut
1165 1483 1397 1544 musicus,
1452 1497 1675 1544 quaeque
1722 1482 1802 1528 his

100 1559 201 1605 alia
224 1558 549 1620 ‘subiungam,
583 1558 668 1605 sed
697 1558 791 1606 hae
823 1574 1019 1619 quoque
1053 1561 1198 1618 artes,
1232 1561 1287 1604 ut
1319 1557 1384 1606 sit
1417 1559 1803 1615 consummatus,

33 1651 75 1682 20
100 1632 357 1679 iuvabunt.
420 1633 518 1680 nisi
563 1634 690 1680 forte
740 1630 1029 1690 ἀντιδότους
1079 1633 1277 1693 quidem
1319 1636 1467 1693 atque
1509 1632 1623 1691 alia,
1675 1646 1805 1692 quae

101 1707 255 1755 oculis
306 1709 392 1754 aut
438 1707 723 1754 vulneribus
771 1707 1044 1766 medentur,
1093 1723 1150 1753 ex
1196 1708 1370 1754 multis
1412 1709 1560 1767 atque
1599 1706 1803 1763 interim

101 1782 360 1828 contrariis
425 1797 619 1843 quoque.
681 1783 813 1828 inter
867 1797 917 1829 se
973 1781 1226 1829 effectibus
1282 1782 1510 1842 componi
1563 1780 1804 1838 videmus,

101 1872 309 1917 quorum
351 1872 407 1902 ex
448 1856 655 1903 diversis
694 1855 750 1903 fit
789 1872 889 1902 una
920 1857 1011 1903 illa
1042 1856 1273 1915 mixtura,
1315 1871 1441 1917 quae
1473 1855 1600 1902 nulli
1633 1870 1804 1901 earum

101 1930 276 1977 similis
326 1933 414 1989 est,
468 1946 525 1976 ex
565 1930 741 1992 quibus
783 1934 992 1990 constat,
1041 1931 1124 1977 sed
1163 1930 1392 1991 proprias
1431 1931 1562 1976 vires
1603 1945 1660 1976 ex
1701 1944 1803 1975 om-

34 2023 75 2053 95
100 2004 244 2052 nibus
294 2007 459 2065 sumit,
510 2008 560 2052 et
606 2009 747 2051 muta
788 2005 1026 2052 animalia
1066 2005 1227 2051 mellis
1267 2005 1410 2051 illum
1450 2003 1802 2050 inimitabilem
1832 2007 1859 2051 7

100 2080 346 2127 humanae
383 2079 570 2127 rationi
609 2095 832 2140 saporem
874 2081 1013 2127 vario
1054 2079 1229 2126 florum
1271 2095 1328 2126 ac
1364 2094 1594 2127 sucorum
1626 2093 1803 2140 genere

101 2153 384 2215 perficiunt:
424 2169 514 2201 nos
547 2153 853 2213 mirabimur,
894 2156 936 2202 si
969 2155 1144 2213 oratio⁷
1179 2170 1277 2215 qua
1309 2153 1436 2200 nihil
1467 2154 1805 2213 praestantius

101 2228 292 2275 homini
347 2228 483 2275 dedit
536 2228 864 2289 providentia,
920 2228 1146 2290 pluribus
1203 2228 1392 2275 artibus
1449 2229 1606 2291 egeat,
1662 2242 1806 2288 quae,

103 2304 255 2350 etiam
311 2317 422 2349 cum
477 2317 526 2350 se
581 2318 678 2350 non
731 2303 998 2350 ostendunt
1043 2305 1096 2350 in
1144 2303 1348 2350 dicendo
1396 2318 1484 2350 nec
1529 2302 1805 2363 proferunt,

37 2394 79 2425 30
104 2378 207 2423 vim
256 2380 425 2423 tamen
477 2378 723 2424 occultam
774 2380 1050 2440 suggerunt
1099 2380 1148 2424 et
1193 2379 1378 2424 tacitae
1419 2392 1613 2438 quoque
1654 2377 1804 2423 senti-

103 2449 288 2498 untur?
345 2446 462 2498 ‘fuit
509 2451 689 2513 aliquis
737 2453 842 2499 sine
890 2452 952 2500 iis
993 2447 1241 2499 disertus'.
1299 2452 1384 2499 sed
1423 2466 1512 2514 ego
1555 2453 1804 2498 oratorem
1832 2452 1865 2497 8

0 855 2 890 l

226 2596 249 2635 7
285 2591 411 2636 Orat.
447 2599 486 2648 1,
519 2597 574 2636 29

1488 2731 1509 2743 ,-

228 2731 249 2769 1
284 2727 573 2784 triangulum
607 2727 763 2772 Faber
790 2731 796 2783 Ι
824 2728 975 2784 possit
1006 2735 1042 2768 Α
1070 2730 1076 2783 Ι
1105 2728 1207 2785 aut]
1242 2730 1289 2770 et
1320 2735 1366 2769 B
1494 2742 1504 2768 c
1544 2726 1594 2768 in
1628 2725 1808 2781 scripto

107 2794 159 2829 M
208 2787 435 2843 inscripto
468 2794 523 2830 N
625 2791 678 2830 10
712 2790 758 2829 et
788 2795 847 2830 A:
883 2800 938 2830 ex
969 2795 1060 2829 BP
1126 2791 1182 2829 23
1217 2785 1399 2829 diversa
1423 2794 1478 2839 Β,
1532 2785 1805 2828 diversitate

106 2846 177 2889 Jv.
213 2846 413 2890 Mueller
546 2852 600 2889 24
642 2860 698 2889 ex
737 2847 907 2901 quibus
954 2854 1058 2889 AP:
1094 2846 1263 2901 quibus
1295 2853 1341 2888 Β
1491 2850 1545 2888 28
1580 2847 1686 2896 eget
1718 2851 1813 2886 BP

228 2910 281 2948 31
332 2906 414 2948 sed
459 2914 520 2949 A:
571 2909 645 2950 ast
675 2914 721 2948 Β
752 2908 802 2949 at
833 2905 896 2948 P2
