2055 3130
270 76 377 129 322
763 73 1138 127 QVINTILIANI
1167 73 1316 117 INST.
1352 72 1445 117 ΟΒ.

213 226 244 269 3
276 231 392 262 nam
432 217 592 263 cetera
631 215 838 262 forsitan
869 215 1030 261 tenuis
1062 228 1257 274 quoque
1283 216 1332 260 et
1355 217 1564 275 angusta
1588 213 1775 275 ingenii
1803 229 1943 274 vena,

275 291 319 337 si
357 289 501 336 modo
541 287 621 335 vel
661 288 883 334 doctrina
921 287 1000 333 vel
1038 301 1130 333 usu
1169 288 1236 333 sit
1281 286 1472 344 adiuta,
1519 302 1749 349 generare
1795 290 1944 348 atque

277 363 339 410 ad
376 363 569 425 frugem
608 361 826 422 aliquam
863 359 1127 420 perducere
1154 364 1322 420 queat:
1361 363 1490 406 certe
1521 363 1637 407 sunt
1660 375 1944 422 semperque

275 437 474 483 fuerunt
511 451 609 481 non
657 449 830 495 parum
877 433 1045 491 multi,
1093 433 1179 493 qui
1224 433 1344 479 satis
1390 434 1569 492 perite,
1616 448 1740 494 quae
1787 436 1946 480 essent

275 508 649 570 probationibus
687 507 847 565 utilia,
892 508 1174 566 reperirent.
1231 521 1350 566 quos
1406 505 1630 566 equidem
1683 522 1778 553 non
1834 521 1944 553 con-

276 586 456 641 temno,
496 581 579 628 sed
617 581 855 627 hactenus
895 580 1040 626 utiles
1081 578 1239 638 credo,
1286 595 1344 625 ne
1387 579 1504 640 quid
1541 596 1629 640 per
1668 594 1748 626 eos
1793 579 1947 626 iudici

280 658 344 702 sit
382 657 622 717 ignotum,
663 657 810 714 atque
853 646 930 705 (ut
970 653 1128 698 dicam
1170 652 1297 712 quod
1339 646 1518 716 sentio)
1560 653 1732 715 dignos
1772 667 1802 698 a
1840 654 1946 714 qui-

276 729 366 776 bus
391 743 587 775 causam
613 726 783 774 diserti
807 725 1114 773 docerentur:
1140 727 1225 786 qui
1256 741 1369 772 vero
1394 726 1606 772 iudicem
1628 741 1798 786 rapere
1822 729 1873 773 et
1893 728 1947 772 in

282 817 424 864 quem
464 801 614 848 vellet
652 800 876 846 habitum
918 800 1070 846 animi
1108 804 1272 859 posset
1309 799 1586 860 perducere,
1627 815 1724 860 quo
1757 798 1947 847 dicente

215 883 246 927 4
279 875 491 922 flendum
508 870 891 937 (gaudendum)
915 872 1221 919 nascendum
1247 875 1387 931 esset,
1407 887 1545 919 rarus
1570 873 1680 919 fuit.
1699 873 1841 934 atqui
1855 872 1948 919 hoc

275 952 362 1008 est,
413 948 541 1010 quod
582 947 862 994 dominatur
907 948 959 993 in
1005 946 1223 993 iudiciis:
1270 946 1388 993 haec
1435 947 1714 1007 eloquentia
1759 948 1947 1009 regnat.

277 1037 488 1082 namque
529 1024 818 1084 argumenta
857 1021 1145 1081 plerumque
1184 1024 1451 1066 nascuntur
1490 1036 1546 1066 ex
1585 1035 1747 1077 causa,
1786 1024 1836 1066 et
1856 1034 1946 1079 pro

276 1096 477 1142 meliore
517 1098 657 1156 parte
696 1094 839 1155 plura
880 1099 994 1140 sunt
1033 1108 1237 1154 semper,
1275 1097 1347 1151 ut,
1396 1094 1481 1154 qui
1518 1109 1605 1154 per
1649 1092 1769 1139 haec
1815 1093 1948 1151 vicit,

221 1178 241 1193 ”
279 1172 472 1216 tantum
514 1184 610 1215 non
650 1168 859 1215 defuisse
892 1167 985 1214 sibi
1018 1167 1307 1213 advocatum
1341 1168 1485 1213 sciat:
1525 1166 1610 1213 ubi
1632 1181 1747 1213 vero
1771 1166 1948 1213 animis

278 1242 494 1289 iudicum
535 1243 609 1288 vis
651 1241 913 1288 adferenda
953 1244 1025 1287 est
1066 1243 1115 1287 et
1153 1239 1213 1286 ab
1252 1242 1361 1301 ipsa
1400 1242 1504 1286 veri
1535 1240 1948 1300 contemplatione

280 1315 563 1363 abducenda
603 1331 752 1372 mens,
793 1315 862 1361 ibi
900 1316 1153 1374 proprium
1194 1315 1402 1360 oratoris
1443 1329 1564 1374 opus
1604 1317 1689 1360 est.
1729 1313 1821 1360 hoc
1852 1327 1949 1359 non

277 1389 419 1436 docet
458 1389 696 1451 litigator,
735 1389 825 1435 hoc
865 1403 1122 1434 causarum
1162 1387 1341 1434 libellis
1381 1403 1477 1434 non
1510 1388 1800 1433 continetur.
1839 1401 1949 1447 pro-

276 1463 500 1510 bationes
541 1464 669 1509 enim
711 1461 926 1509 efficiant
958 1475 1087 1520 sane,
1126 1466 1181 1507 ut
1213 1476 1411 1508 causam
1449 1464 1669 1507 nostram
1698 1460 1950 1516 meliorem

278 1551 379 1583 esse
426 1536 611 1583 iudices
658 1539 857 1597 putent,
906 1535 1126 1582 adfectus
1166 1538 1442 1595 praestant,
1489 1537 1544 1580 ut
1584 1535 1734 1580 etiam
1772 1533 1949 1593 velint3

217 1619 248 1662 6
281 1610 364 1658 sed
401 1609 466 1668 id,
523 1609 652 1670 quod
698 1609 892 1667 volunt,
947 1608 1147 1655 credunt
1197 1624 1402 1670 quoque.
1459 1623 1571 1654 nam
1627 1622 1737 1654 cum
1789 1607 1950 1666 irasci,

278 1684 466 1743 favere,
517 1683 696 1741 odisse,
751 1684 970 1730 misereri
1021 1685 1305 1743 coeperunt,
1371 1683 1453 1744 agi
1505 1683 1605 1727 iam
1651 1697 1753 1726 rem
1808 1695 1950 1727 suam

279 1759 577 1816 existimant,
625 1762 686 1814 et,
728 1758 854 1803 sicut
894 1759 1114 1802 amantes
1155 1755 1212 1801 de
1252 1756 1408 1802 forma
1448 1755 1664 1802 iudicare
1703 1769 1801 1801 non
1839 1769 1948 1814 pos·

280 1835 409 1890 sunt,
450 1833 565 1891 quia
605 1845 798 1878 sensum
841 1830 1090 1876 oculorum
1130 1831 1370 1890 praecipit
1411 1831 1614 1886 animus,
1654 1829 1726 1874 ita
1758 1842 1951 1874 omnem

279 1906 504 1952 veritatis
565 1903 887 1964 inquirendae
951 1904 1191 1950 rationem
1246 1903 1389 1948 iudex
1444 1903 1631 1949 omittit
1684 1904 1950 1962 occupatus

283 1977 577 2025 adfectibus:
617 1981 756 2024 aestu
794 1977 951 2024 fertur
982 1982 1030 2023 et
1061 1976 1196 2023 velut
1227 1976 1400 2037 rapido
1432 1975 1627 2022 flumini
1650 1974 1948 2036 obsequitur.

225 2062 246 2073 ·
281 2054 353 2098 ita
395 2056 682 2114 argumenta
723 2067 778 2098 ac
808 2055 956 2098 testes
990 2050 1106 2111 quid
1141 2052 1328 2113 egerint
1360 2050 1697 2111 pronuntiatio
1723 2047 1949 2107 ostendit,

280 2131 552 2172 commotus
603 2128 767 2171 autem
815 2124 875 2171 ab
933 2129 1125 2171 oratore
1179 2123 1325 2170 iudex
1373 2123 1489 2184 quid
1545 2124 1727 2169 sentiat
1780 2121 1948 2168 sedens

283 2199 439 2246 adhuc
480 2202 627 2259 atque
669 2198 871 2244 audiens
904 2197 1173 2244 confitetur.
1217 2213 1277 2244 an
1311 2213 1420 2244 cum
1452 2197 1550 2255 ille,
1589 2197 1675 2257 qui
1704 2196 1948 2256 plerisque

279 2272 670 2334 perorationibus
718 2274 926 2332 petitur,
972 2271 1113 2318 fietus
1170 2271 1395 2331 erumpit,
1450 2287 1547 2317 non
1596 2269 1763 2330 palam
1817 2269 1950 2315 dicta

280 2348 525 2394 sententia
564 2344 673 2392 est?
711 2346 807 2392 huc
845 2347 1000 2408 igitur
1038 2345 1289 2391 incumbat
1329 2347 1509 2403 orator,
1547 2344 1638 2391 hoc
1678 2357 1799 2404 opus
1830 2342 1949 2402 eius,

398 2534 422 2572 8
457 2544 510 2585 sq
543 2530 591 2571 cf
619 2543 804 2572 carmen
837 2529 891 2571 de
924 2529 1062 2572 laude
1095 2529 1274 2571 Pisonis
1307 2534 1362 2571 44
1395 2543 1448 2584 sq

399 2695 422 2733 3
457 2704 724 2747 semperque
749 2698 958 2742 aqul:
993 2704 1172 2746 semper
1195 2699 1274 2732 AG
1393 2693 1418 2732 8
1451 2689 1704 2732 doceantur
1727 2689 1951 2745 Spalding}

399 2754 423 2792 9
457 2749 638 2792 dicente
655 2750 900 2807 Spaldiny:
917 2750 1040 2793 dicto
1149 2755 1202 2792 10
1220 2750 1383 2794 addidi
1397 2748 1688 2804 gaudendum
1715 2748 1800 2791 coll
1816 2747 1951 2791 laude

283 2810 467 2852 Pz'sonis
498 2812 557 2851 47
588 2823 637 2864 sq
758 2815 810 2851 11
846 2809 1111 2852 dominatur
1151 2810 1343 2866 Reqius:
1383 2807 1644 2850 dominetur
1670 2810 1676 2863 Ι
1702 2806 1817 2850 haec
1856 2805 1950 2849 elo-

282 2868 520 2922 quentiam
551 2871 718 2924 regunt
750 2869 856 2911 libri
886 2868 961 2910 hic
994 2867 1259 2922 eloquentia
1289 2868 1455 2923 regnat
1485 2867 1627 2909 Halm

1971 891 2015 922 10

1973 1256 2016 1289 15

1974 1625 2019 1656 20

1974 1992 2017 2024 25

1973 2359 2017 2392 30
