2055 3130
29 961 70 991 10

28 1330 68 1361 15

29 1701 70 1731 20

31 2443 72 2474 30

628 64 702 106 VI.
738 68 778 116 2,
812 67 999 106 31—36.
1035 67 1074 117 3,
1110 67 1237 106 1—5.
1670 63 1780 114 329

97 205 346 252 advocati:
396 204 567 251 orbum
617 205 808 267 agimus
858 205 907 249 et
952 203 1250 264 naufragum
1298 204 1345 248 et
1399 202 1782 262 periclitantem,

97 294 304 340 quorum
342 278 543 325 induere
582 292 816 339 personas
858 276 977 337 quid
1017 276 1210 334 attinet,
1248 277 1348 322 nisi
1381 276 1601 322 adfectus
1636 275 1777 322 adsu-

93 350 308 399 mimus?

205 425 339 472 Haec
396 425 753 472 dissimulanda
806 424 931 470 mihi
983 440 1080 470 non
1137 423 1360 482 fuerunt,
1427 422 1602 483 quibus
1657 424 1781 483 ipse,

97 503 521 561 quantuscumque
570 514 675 546 sum
724 501 813 544 aut
858 498 945 558 fui,
1000 499 1279 559 pervenisse
1333 513 1410 543 me
1467 496 1528 543 ad
1577 496 1779 557 aliquod

94 589 271 620 nomen
309 573 702 635 ingenii·credo:
751 572 1034 633 frequenter
1072 579 1235 618 motus
1277 586 1405 629 sum,
1453 574 1509 617 ut
1555 586 1632 616 me
1679 586 1778 617 non

93 648 326 694 lacrimae
379 647 536 694 solum
585 646 960 708 deprenderent,
1016 645 1100 692 sed
1146 645 1309 706 pallor
1357 648 1405 691 et
1452 646 1556 691 veri
1603 644 1780 692 similis

95 722 247 768 dolor.

775 845 874 903 [DE
908 845 1079 903 Risu]

205 943 294 990 ΠΙ.
335 942 465 989 Huic
503 942 697 990 diversa
736 944 910 1002 Virtus,
967 957 1090 1002 quae
1131 944 1285 989 risum
1323 942 1498 988 iudicis
1537 940 1776 988 movendo
1811 947 1842 991 1

94 1019 143 1064 et
180 1017 294 1064 illos
333 1018 500 1064 tristes
553 1017 702 1063 solvit
751 1016 970 1063 adfectus
1020 1020 1068 1063 et
1125 1018 1344 1063 animum
1398 1016 1459 1062 ab
1506 1017 1780 1062 intentione

92 1107 257 1137 rerum
296 1092 580 1152 frequenter
620 1092 802 1137 avertit
843 1093 891 1137 et
939 1090 1210 1151 aliquando
1260 1091 1411 1137 etiam
1457 1089 1616 1136 reficit
1664 1092 1712 1136 et
1753 1105 1781 1135 a

94 1167 325 1212 satietate
374 1166 453 1212 vel
494 1181 521 1211 a
560 1165 856 1227 fatigatione
903 1167 1122 1211 renovat.
1172 1168 1359 1225 quanta
1406 1165 1471 1211 sit
1520 1165 1684 1210 autem
1729 1165 1780 1209 in

95 1255 151 1286 ea
200 1239 482 1299 difficultas,
536 1240 615 1287 vel
670 1239 765 1285 duo
820 1239 1024 1285 maximi
1079 1240 1313 1297 oratores,
1369 1239 1496 1285 alter
1551 1236 1780 1295 Graecae,

95 1313 221 1360 alter
258 1313 469 1360 Latinae
510 1314 819 1374 eloquentiae
859 1313 1100 1374 princeps,
1150 1313 1347 1359 docent:
1393 1328 1509 1358 nam
1555 1312 1777 1374 plerique

94 1387 417 1434 Demostheni
455 1388 748 1435 facultatem
789 1387 998 1435 defuisse
1038 1388 1151 1434 huic
1189 1389 1262 1433 rei
1296 1387 1514 1445 credunt,
1557 1385 1780 1433 Ciceroni

93 1461 306 1508 modum.
370 1477 458 1509 nec
512 1462 669 1508 videri
722 1464 888 1522 potest
941 1462 1156 1509 noluisse
1210 1461 1588 1519 Demosthenes,
1644 1462 1780 1507 cuius

93 1551 252 1597 pauca
306 1535 574 1583 admodum
629 1536 761 1582 dicta
812 1551 899 1583 nec
958 1551 1073 1583 sane
1126 1537 1299 1583 ceteris
1356 1535 1458 1582 eius
1512 1534 1780 1581 virtutibus

93 1609 443 1671 respondentia
481 1610 651 1671 palam
691 1610 954 1657 ostendunt
1004 1626 1103 1657 non
1158 1610 1465 1671 displicuisse
1512 1609 1588 1656 illi
1634 1609 1782 1668 iocos,

97 1683 180 1731 sed
218 1701 316 1731 non
356 1686 633 1747 contigisse.
689 1686 856 1731 noster
902 1700 1017 1731 vero
1065 1700 1163 1731 non
1204 1684 1363 1731 solum
1402 1687 1540 1730 extra
1579 1683 1777 1742 iudicia,
1810 1687 1844 1731 3

95 1758 177 1805 sed
218 1760 270 1804 in
309 1759 429 1819 ipsis
478 1761 627 1806 etiam
679 1759 983 1806 orationibus
1035 1759 1233 1806 habitus
1290 1761 1363 1805 est
1417 1758 1598 1805 nimius
1653 1758 1780 1804 risus

95 1832 383 1880 adfectator.
423 1834 547 1880 mihi
587 1833 796 1893 quidem,
839 1834 941 1880 sive
980 1833 1031 1879 id
1071 1835 1200 1880 recte
1247 1831 1412 1879 iudico
1461 1834 1563 1879 sive
1617 1847 1781 1878 amore

94 1907 340 1954 inmodico
381 1909 635 1969 praecipui
672 1909 722 1953 in
765 1907 1049 1968 eloquentia
1094 1909 1187 1954 viri
1236 1906 1399 1965 labor,
1449 1907 1576 1952 mira
1632 1921 1780 1966 quae-

97 1980 210 2027 dam
248 1983 300 2027 in
341 1997 396 2028 eo
435 1981 630 2028 videtur
674 1982 825 2028 fuisse
872 1981 1143 2028 urbanitas.
1198 1996 1313 2027 nam
1363 1983 1410 2027 et-
1457 1983 1508 2027 in
1557 1995 1777 2027 sermone
1811 1983 1847 2028 4

1811 1317 1844 1360 W

28 2094 46 2103 -
96 2055 368 2102 cottidiano
415 2056 576 2103 multa
632 2058 680 2102 et
732 2058 784 2101 in
840 2056 1244 2103 altercationibus
1309 2058 1355 2101 et
1418 2053 1781 2118 interrogandis

94 2129 304 2176 testibus
344 2130 490 2190 plura
531 2146 679 2190 quam
720 2131 982 2191 quisquam
1022 2130 1148 2176 dixit
1199 2130 1378 2188 facete,
1427 2131 1475 2175 et
1521 2129 1609 2175 illa
1657 2129 1782 2189 ipsa,

98 2219 224 2265 quae
266 2206 380 2250 sunt
418 2205 469 2250 in
509 2204 714 2251 Verrem
755 2203 887 2251 dicta
934 2204 1188 2267 frigidius,
1245 2204 1355 2251 aliis
1413 2203 1694 2265 adsignavit
1735 2206 1784 2249 et

95 2278 369 2325 testimonii
406 2278 515 2325 loco
555 2279 736 2339 posuit,
791 2280 862 2338 ut,
915 2294 1011 2339 quo
1053 2280 1167 2326 sunt
1212 2280 1371 2341 magis
1428 2277 1670 2339 vulgaria,
1727 2293 1781 2323 eo

97 2352 162 2399 sit
202 2351 497 2412 credibilius,
535 2353 626 2399 illa
664 2369 762 2399 non
803 2352 863 2399 ab
905 2355 1099 2400 oratore
1138 2351 1267 2412 ficta,
1316 2352 1399 2399 sed
1446 2353 1633 2413 passim
1680 2366 1781 2398 esse

96 2427 296 2473 iactata.
337 2428 625 2488 utinamque
664 2426 870 2473 libertus
910 2428 1012 2474 eius
1054 2428 1169 2473 Tiro
1219 2429 1307 2473 aut
1354 2426 1504 2485 alius,
1558 2427 1779 2486 quisquis
1814 2430 1845 2473 ὃ

217 2587 241 2624 5
276 2597 378 2625 sum
410 2582 529 2626 P21':
564 2583 652 2626 sim
684 2591 762 2634 My
793 2582 832 2625 is
865 2591 945 2624 AG
973 2586 977 2638 Ι
1007 2597 1059 2625 ac
1091 2582 1323 2626 finimas
1338 2582 1508 2625 maiore
1534 2581 1781 2637 P²Kc1uan-

97 2640 359 2695 tiscumque
391 2641 408 2683 i
433 2659 457 2683 *
485 2658 509 2685 201
536 2659 560 2684 »ε
587 2642 690 2685 ibus
723 2642 985 2698 pervenisse
1018 2643 1260 2698 dispicitur
1291 2656 1389 2685 cum
1425 2642 1496 2685 lac
1520 2646 1545 2684 8
1573 2643 1676 2695 litt.)

101 2705 122 2742 7
156 2714 260 2743 vere
291 2709 328 2742 A
360 2714 465 2744 vero
498 2716 599 2746 corr
634 2710 669 2743 G
792 2706 845 2744 15
877 2702 1093 2757 princeps
1126 2702 1259 2744 P1Jl:
1292 2700 1526 2757 principes
1551 2709 1673 2742 ΑΕΓ

101 2764 153 2802 16
186 2759 296 2802 huic
334 2768 432 2803 AG:
473 2761 612 2803 huius
645 2769 739 2803 PM
768 2761 865 2804 eius
905 2769 940 2802 Γ
1055 2765 1108 2803 29
1143 2775 1235 2804 non
1269 2774 1335 2803 om
1369 2760 1531 2802 ΑῙῙῬ1
1563 2761 1656 2803 add
1681 2764 1788 2815 post

98 2819 181 2862 illa
205 2818 267 2860 ΑΞ
297 2820 461 2863 habent
483 2822 566 2864 sub
600 2822 614 2864 l
653 2829 689 2862 G
706 2827 812 2875 post
843 2822 1024 2864 oratore
1057 2819 1175 2862 P211
1323 2824 1377 2862 30
1411 2819 1509 2862 eius
1543 2827 1672 2861 Pt'a:
1708 2819 1784 2861 eni

98 2886 135 2920 A
168 2878 298 2921 euius
332 2886 384 2921 11
412 2879 501 2922 eris
539 2888 573 2921 G
601 2886 606 2935 ἦ
636 2882 717 2922 aut
748 2880 857 2923 ⁴1¹22:
892 2882 939 2923 et
971 2880 1051 2923 rell
