2012 3151
196 78 307 129 352
693 78 1066 130 QVINTILIANI
1097 78 1245 122 INST.
1281 78 1372 122 ΟΒ.

196 219 328 276 sunt,
368 221 416 264 et
454 217 804 278 praestandum
844 217 1083 278 quidquid
1121 219 1171 264 in
1212 219 1402 265 actione
1442 220 1768 279 promisimus,
1819 224 1867 268 et

199 291 465 337 refellenda
504 291 771 337 mendacia.
820 305 1063 351 nusquam
1114 295 1187 338 est
1233 291 1441 351 denique
1489 294 1575 352 qui
1621 294 1869 354 cognoscit

199 365 447 410 intentior.
511 379 598 411 nec
659 365 888 410 inmerito
953 363 1153 424 quidam
1208 380 1504 425 quamquam
1558 367 1608 411 in
1664 365 1867 413 dicendo

199 437 466 484 mediocres
529 438 618 483 hac
679 440 845 483 tamen
899 438 1169 484 altercandi
1230 439 1535 498 praestantia
1587 443 1868 486 meruerunt
1991 487 1994 490 ,

135 512 171 555 6
203 526 378 557 nomen
432 512 766 570 patronorum.
828 512 881 557 at
935 510 1134 570 quidam
1190 510 1523 572 litigatoribus
1574 513 1673 559 suis
1727 512 1867 559 illum
1914 533 1933 564 5
1999 527 2012 545 ··

197 583 341 630 1110ᾶο
389 583 702 630 ambitiosum
760 583 1066 630 declamandi
1120 584 1345 631 sudorem
1397 586 1701 644 praestitisse
1756 601 1866 632 con-

197 657 321 702 tenti
354 671 463 702 cum
494 657 638 703 turba
663 657 969 703 laudantium
996 657 1268 704 destituunt
1293 657 1524 704 subsellia
1555 674 1867 720 pugnamque

196 729 334 775 illam
373 729 695 777 decretoriam
734 730 976 790 imperitis
1016 746 1072 777 ac
1119 746 1262 792 saepe
1310 731 1529 790 pullatae
1575 731 1748 779 turbae
1793 748 1866 779 re-

137 806 164 848 7
199 803 442 863 linquunt.
481 805 650 863 itaque
687 803 856 850 videas
896 803 1018 851 alios
1049 804 1336 864 plerumque
1367 806 1419 850 in
1442 804 1635 852 iudiciis
1660 806 1866 865 privatis

201 876 262 923 ad
302 879 517 923 actiones
559 877 802 935 advocari,
843 877 965 925 alios
1006 877 1068 924 ad
1106 877 1457 937 probationem.
1500 894 1623 938 quae
1662 880 1705 926 si
1743 878 1862 926 divi-
1892 900 1934 930 ιο
2010 864 2012 897 }

196 949 355 996 denda
395 953 510 997 sunt
549 950 725 1009 officia,
763 951 854 997 hoc
894 954 1021 998 certe
1059 953 1216 1013 magis
1266 953 1592 998 necessarium
1638 955 1732 1010 est,
1778 968 1866 1013 pu—

197 1023 505 1084 dendumque
547 1023 695 1083 dictu,
735 1026 777 1071 si
815 1025 925 1084 plus
963 1024 1276 1087 litigantibus
1315 1029 1521 1085 prosunt
1550 1027 1775 1073 minores.
1814 1026 1866 1071 in

195 1096 404 1157 publicis
444 1101 572 1144 certe
611 1097 807 1145 iudiciis
847 1114 940 1145 vox
979 1099 1066 1144 1113
1107 1099 1360 1159 praeconis
1399 1102 1595 1159 praeter
1633 1103 1865 1159 patronos

195 1172 372 1230 ipsum,
413 1172 498 1231 qui
537 1172 706 1232 egerit,
746 1173 879 1219 citat.

309 1242 441 1305 Opus
483 1248 555 1291 est
593 1244 747 1306 igitur
783 1247 836 1291 in
891 1244 1061 1304 primis
1105 1245 1302 1306 ingenio
1357 1245 1515 1292 veloci
1570 1261 1624 1292 ac
1679 1245 1864 1304 mobili,
1890 1266 1930 1296 15

196 1318 358 1363 animo
399 1318 646 1377 praesenti
686 1322 733 1364 et
773 1318 887 1364 acri.
928 1334 1025 1365 non
1059 1319 1188 1364 enim
1220 1319 1549 1380 cogitandum,
1589 1319 1672 1366 sed
1705 1319 1864 1366 dicen·

195 1390 311 1436 dum
363 1393 530 1438 statim
580 1395 651 1438 est
699 1396 746 1438 et
793 1407 945 1452 prope
992 1391 1080 1438 sub
1136 1396 1314 1438 conatu
1370 1392 1639 1439 adversarii
1692 1408 1864 1440 manus

196 1465 445 1525 exigenda.
493 1481 643 1525 quare
685 1480 793 1511 cum
832 1465 883 1510 in
923 1465 1055 1511 omni
1094 1468 1234 1526 parte
1274 1466 1473 1513 huiusce
1514 1465 1661 1513 officii
1711 1466 1864 1527 pluri-

193 1554 327 1583 mum
359 1539 478 1584 facit
516 1541 646 1585 totas
687 1555 781 1585 non
823 1539 1086 1601 diligenter
1123 1539 1282 1599 modo,
1333 1539 1416 1585 sed
1456 1542 1604 1586 etiam
1652 1540 1863 1586 familia.-

193 1611 314 1657 riter
338 1627 478 1658 nosse
513 1627 699 1670 causas,
732 1615 849 1659 tunc
882 1613 931 1658 in
965 1612 1282 1659 altercatione
1306 1612 1514 1659 maxime
1540 1614 1865 1660 necessarium
1888 1633 1930 1663 20

194 1688 265 1731 est
298 1688 515 1731 omnium
546 1701 877 1746 personarum,
916 1687 1370 1744 instrumentorum,
1408 1690 1697 1748 temporum,
1736 1687 1864 1734 loco-

192 1774 301 1804 rum
341 1758 517 1805 habere
558 1760 807 1806 notitiam:
860 1759 1047 1819 alioqui
1087 1763 1134 1806 et
1173 1760 1433 1807 tacendum
1480 1760 1572 1807 erit
1626 1776 1769 1821 saepe
1816 1762 1865 1807 et

194 1831 302 1879 aliis
344 1832 693 1880 subicientibus
736 1828 1046 1896 (plerumque
1087 1836 1249 1879 autem
1283 1834 1442 1881 studio
1477 1834 1710 1895 loquendi
1739 1830 1864 1897 <fit>

194 1906 328 1952 fatue
367 1901 534 1970 modo)
585 1907 930 1953 accedendum:
989 1922 1083 1967 quo
1139 1923 1508 1968 nonnumquam
1562 1908 1754 1967 accidit,
1807 1910 1863 1954 ut

125 2007 130 2010 -
195 1983 362 2026 nostra
401 1979 689 2026 credulitate
731 1981 891 2027 aliena
930 1981 1142 2027 stultitia
1183 1980 1533 2028 erubescamus.
1574 1996 1731 2042 neque
1763 1983 1864 2028 iam
1888 2000 1929 2031 25

195 2068 302 2099 011111
342 2054 417 2099 his
457 2053 575 2114 ipsis
627 2054 949 2101 monitoribus
1000 2054 1124 2101 clam
1171 2070 1247 2101 res
1295 2054 1370 2101 fit:
1427 2054 1629 2115 quidam
1673 2055 1863 2102 faciunt

193 2123 318 2187 <ut>
359 2130 525 2187 aperte
565 2144 757 2188 quoque
808 2130 1040 2174 rixentur.
1089 2127 1254 2174 videas
1311 2128 1438 2174 enim
1492 2128 1749 2189 plerosque
1787 2130 1862 2175 ira

195 2202 405 2260 percitos
446 2201 777 2260 exclamantis,
825 2206 881 2248 ut
918 2202 1065 2248 iudex
1105 2201 1274 2248 audiat
1315 2203 1616 2249 contrarium
1654 2202 1705 2248 id
1745 2217 1860 2261 esse,

193 2273 322 2334 quod
362 2274 730 2333 admoneantur,
778 2277 994 2336 sciatque
1043 2275 1148 2334 ille,
1205 2277 1289 2336 qui
1335 2275 1739 2336 pronuntiaturus
1788 2280 1860 2322 est

310 2405 333 2440 5
369 2399 462 2440 suis
495 2399 639 2442 ‚4‘?P²:
674 2400 740 2442 vis
775 2408 862 2442 ,nli
893 2400 965 2442 usi
1005 2408 1037 2441 Γ
1153 2404 1176 2442 9
1209 2401 1257 2442 111
1289 2401 1473 2443 iudiciis
1495 2401 1632 2443 Halm
1669 2401 1860 2457 Reyius:

190 2458 370 2499 insidiis
405 2466 525 2499 Am·
552 2459 731 2500 inridiis
761 2467 850 2500 θη
968 2464 1020 2501 10
1052 2459 1206 2503 vocari
1242 2467 1410 2501 anm·
1527 2464 1579 2502 17
1612 2460 1770 2502 statim
1797 2468 1858 2502 P:

191 2516 329 2558 satim
360 2534 391 2557 a
425 2518 534 2559 satis
567 2525 736 2559 ,il-'jn‘
863 2522 915 2559 18
948 2518 996 2560 in
1029 2526 1123 2561 Pr:
1157 2532 1226 2561 om
1258 2526 1389 2560 ,il-'M
1527 2523 1581 2561 20
1613 2532 1695 2561 nos
1727 2532 1859 2562 nosse

193 2575 321 2618 libri.-
352 2590 413 2617 em
451 2577 620 2630 Resyz‘ns
741 2582 793 2618 22
828 2577 915 2618 erit
946 2578 1061 2620 Ald:
1094 2591 1201 2634 ergo
1324 2581 1376 2619 23
1409 2576 1460 2618 fit
1484 2578 1578 2620 add
1604 2577 1648 2621 C.
1675 2578 1861 2621 Schenkl

310 2639 364 2676 ⁵24
397 2635 520 2687 quod
553 2649 802 2690 numquam
836 2643 1005 2677 PI'GJI
1035 2638 1041 2689 l
1076 2639 1128 2678 ut
1160 2644 1251 2678 Ar:
1296 2636 1344 2677 in
1377 2637 1534 2677 P¹GJI
1560 2636 1608 2678 ni
1641 2635 1703 2678 Ρ2

193 2697 245 2734 25
278 2693 371 2734 iam
405 2707 507 2735 cum
540 2695 786 2751 Spaldiny:
818 2697 914 2736 tam
948 2709 1051 2736 cum
1083 2702 1214 2736 ΛΕΜ
1241 2698 1424 2737 tantum
1458 2702 1539 2736 Pr
1652 2699 1706 2737 26
1741 2694 1859 2738 clam

188 2765 260 2793 res
292 2751 343 2793 fit
375 2753 514 2795 idem:
554 2753 765 2795 clarescit
949 2758 1000 2794 27
1034 2756 1087 2796 ut
1118 2753 1211 2796 add
1246 2754 1439 2810 Madvig
1473 2757 1479 2808 Ι
1515 2767 1696 2808 quoque
1730 2755 1859 2797 idem:

187 2811 314 2865 quod
347 2818 429 2852 Pr
454 2825 572 2864 quae
604 2815 764 2866 ,ie-'111
792 2812 998 2854 rixentur
1031 2813 1166 2855 idem:
1203 2813 1404 2854 rixemur
1555 2817 1608 2855 29
1642 2813 1858 2856 admone·

189 2871 328 2911 antur
360 2870 547 2924 Zumpt:
581 2870 885 2913 admoneatur
916 2878 1046 2913 ΡΓΜ
1074 2871 1353 2913 admoneant
1387 2879 1463 2912 AG
