2007 3120
843 65 898 107 Π.
935 69 1002 119 17,
1038 69 1225 108 10—24.
1769 66 1872 117 115

184 203 419 263 probabo.
460 205 618 252 altera
651 208 725 252 est
757 205 1005 252 calumnia
1043 205 1234 251 nullam
1273 208 1431 252 artem
1471 205 1610 252 falsis
1636 204 1872 253 adsentiri
1900 207 1961 252 18

186 277 514 339 opinionibus,
548 280 668 339 quia
693 277 929 326 constitui
953 279 1057 325 sine
1081 279 1398 339 perceptione
1421 294 1520 325 non
1545 279 1716 340 possit,
1748 295 1872 339 quae

184 365 377 412 semper
414 368 532 399 vera
563 353 648 400 sit:
687 352 963 400 rhetoricen
998 351 1235 399 adsentiri
1266 353 1422 411 falsis,
1453 368 1551 400 non
1584 367 1685 400 esse
1717 353 1873 415 igitur

185 428 356 472 artem.
397 442 487 488 ego
526 426 804 473 rhetoricen
841 441 1215 486 nonnumquam
1255 425 1413 473 dicere
1453 427 1582 473 falsa
1619 442 1709 487 pro
1741 429 1871 474 veris
1899 414 1960 458 19

139 514 158 545 5
184 498 466 560 confitebor,
506 500 590 547 sed
628 515 726 547 non
765 499 876 547 ideo
916 501 966 546 in
993 499 1121 547 falsa
1146 516 1340 561 quoque
1368 515 1470 547 esse
1503 500 1733 560 opinione
1760 516 1871 548 con-

183 572 368 633 cedam,
409 575 526 634 quia
565 573 712 636 longe
753 574 999 621 diversum
1052 577 1139 633 est,
1194 573 1290 634 ipsi
1346 574 1466 634 quid
1515 574 1673 621 videri
1720 577 1768 622 et
1814 578 1871 622 ut

182 646 271 693 alii
302 647 530 694 videatur
562 646 765 695 efficere.
804 664 921 694 nam
954 651 1000 694 et
1031 647 1303 708 imperator
1335 648 1475 695 falsis
1507 650 1671 695 utitur
1704 664 1871 709 saepe:

180 724 238 768 ut
274 721 542 781 Hannibal,
584 737 694 768 cum
732 721 954 769 inclusus
996 737 1025 767 a
1064 721 1219 769 Fabio
1261 722 1520 769 sarmentis
1546 724 1728 769 circum
1768 738 1869 770 cor-

180 810 281 841 nua
317 794 500 842 bovum
540 795 773 858 deligatis
812 796 1124 856 incensisque
1163 813 1252 856 per
1290 799 1484 844 noctem
1532 797 1586 843 in
1639 797 1868 844 adversos

113 887 156 917 10
179 872 370 917 montes
423 885 572 932 agens
626 876 851 917 armenta
901 871 1113 930 speciem
1163 871 1297 917 hosti
1348 870 1575 917 abeuntis
1627 871 1869 918 exercitus

180 942 338 989 dedit:
378 944 462 989 sed
501 944 644 990 illum
683 944 876 1004 fefellit,
916 946 1021 1005 ipse
1063 944 1180 1005 quid
1220 961 1390 991 verum
1433 947 1560 993 esset
1598 961 1698 992 non
1728 946 1869 1007 igno-

177 1016 322 1064 ravit.
362 1033 451 1064 nec
489 1034 604 1065 vero
647 1018 992 1079 Theopompus
1031 1016 1465 1078 Lacedaemonius,
1517 1034 1627 1066 cum
1673 1035 1867 1079 permu-
1894 1019 1959 1064 20

176 1093 285 1137 tato
325 1106 436 1138 cum
475 1108 626 1140 uxore
664 1092 840 1139 habitu
880 1110 903 1138 e
945 1092 1169 1140 custodia
1193 1096 1251 1140 ut
1275 1093 1454 1139 mulier
1479 1093 1649 1152 evasit,
1689 1094 1868 1141 falsam

177 1164 236 1211 de
289 1180 338 1212 se
391 1166 674 1226 opinionem
724 1166 917 1227 habuit,
983 1166 1067 1214 sed
1115 1167 1401 1214 custodibus
1452 1167 1696 1228 praebuit.
1748 1167 1868 1215 item

109 1257 152 1288 15
178 1242 359 1299 orator,
400 1256 510 1287 cum
542 1241 669 1289 falso
709 1241 870 1288 utitur
908 1257 998 1302 pro
1039 1256 1170 1301 vero,
1211 1243 1304 1289 scit
1344 1257 1447 1289 esse
1489 1242 1672 1289 falsum
1713 1257 1866 1303 eoque
1923 1264 1926 1265 ⁷

177 1327 226 1359 se
266 1330 356 1374 pro
395 1330 511 1361 vero
551 1317 654 1362 uti:
702 1331 801 1362 non
842 1332 957 1379 ergo
997 1315 1178 1362 falsam
1217 1315 1368 1362 habet
1413 1317 1519 1376 ipse
1569 1316 1866 1376 opinionem,

174 1387 261 1434 sed
310 1388 443 1435 fallit
498 1389 665 1436 alium.
729 1406 817 1436 nec
871 1389 1055 1449 Cicero,
1107 1405 1216 1436 cum
1268 1405 1317 1437 se
1364 1389 1592 1437 tenebras
1634 1390 1865 1438 offudisse
1892 1391 1952 1435 21

172 1461 419 1510 iudicibus
459 1464 510 1509 in
552 1478 700 1511 causa
742 1463 958 1511 Cluentii
997 1464 1243 1526 gloriatus
1285 1468 1373 1525 est,
1412 1464 1537 1510 nihil
1576 1465 1682 1525 ipse
1722 1465 1862 1512 vidit.

173 1539 222 1583 et
260 1538 436 1598 pictor,
475 1553 588 1584 cum
625 1539 677 1585 vi
725 1538 844 1586 artis
885 1554 1003 1585 suae
1045 1538 1209 1598 efficit,
1257 1541 1315 1585 ut
1362 1538 1605 1599 quaedam
1652 1540 1864 1586 eminere

106 1626 149 1657 20
171 1611 223 1656 in
258 1626 418 1674 opere,
459 1611 704 1672 quaedam
742 1612 996 1661 recessisse
1038 1613 1307 1673 credamus,
1346 1615 1451 1673 ipse
1492 1628 1549 1659 ea
1585 1614 1736 1673 plana
1761 1629 1863 1661 esse

171 1700 273 1732 non
311 1686 481 1732 nescit.
522 1687 663 1733 aiunt
702 1687 853 1734 etiam
894 1702 1061 1734 omnes
1103 1690 1233 1734 artes
1264 1687 1443 1734 habere
1475 1686 1619 1734 finem
1648 1687 1864 1748 aliquem
1888 1688 1951 1731 22

170 1761 497 1820 propositum,
538 1760 600 1807 ad
641 1776 787 1822 quem
824 1761 1058 1808 tendant:
1097 1761 1226 1808 hunc
1264 1761 1410 1808 modo
1450 1762 1642 1808 nullum
1675 1777 1778 1810 esse
1809 1764 1863 1808 in

170 1833 427 1896 rhetorice,
468 1834 614 1882 modo
654 1851 752 1882 non
792 1837 1037 1896 praestari
1069 1851 1192 1896 eum,
1235 1836 1321 1897 qui
1351 1837 1686 1896 promit-tatur.
1727 1852 1861 1883 men-

170 1908 388 1954 tiuntur:
427 1924 517 1956 nos
559 1909 690 1956 enim
722 1925 824 1957 esse
858 1909 1006 1956 finem
1037 1909 1137 1955 iam
1170 1910 1476 1958 ostendimus
1510 1913 1557 1957 et
1593 1910 1701 1971 quis
1735 1914 1862 1958 esset

103 1997 144 2029 25
170 1981 396 2030 diximus.
449 1986 498 2030 et
536 1983 810 2043 praestabit
848 1984 978 2030 hunc
1018 2000 1210 2044 semper
1251 1988 1439 2044 orator3
1488 2000 1680 2045 semper
1731 1984 1949 2032 enim'23

167 2055 290 2103 bene
331 2056 475 2104 dicet.
515 2056 713 2104 firmum
752 2048 918 2106 autem
956 2059 1063 2118 hoc,
1117 2059 1249 2119 quod
1298 2060 1578 2120 opponit-ur,
1626 2059 1860 2107 adversus

169 2145 251 2177 eos
290 2131 500 2179 fortasse
539 2131 618 2192 sit,
660 2133 745 2193 qui
784 2133 1078 2193 persuadere
1125 2132 1273 2180 finem
1318 2135 1646 2194 putaverunt:
1693 2137 1861 2180 noster

169 2206 337 2252 orator
376 2221 555 2267 arsque
597 2223 623 2252 a
663 2206 805 2254 nobis
844 2206 987 2254 finita
1042 2223 1142 2254 non
1190 2210 1304 2254 sunt
1350 2207 1513 2268 posita
1564 2207 1617 2254 in
1658 2211 1857 2268 eventu,

167 2279 329 2326 tendit
370 2279 568 2340 quidem
608 2280 670 2327 ad
709 2281 971 2329 victoriam
1013 2283 1098 2342 qui
1130 2281 1265 2341 dicit,
1305 2282 1389 2329 sed
1421 2297 1532 2329 cum
1563 2281 1685 2329 bene
1718 2282 1857 2342 dixit,

101 2369 144 2400 30
169 2353 319 2400 etiam
359 2355 401 2400 si
438 2370 538 2401 non
576 2355 758 2415 vincat,
797 2355 864 2415 id,
905 2356 1036 2416 quod
1069 2359 1172 2403 arte
1199 2358 1494 2417 continetur,
1535 2357 1708 2403 effecit.
1741 2372 1858 2403 nam
1885 2347 1948 2392 24

168 2429 216 2473 et
255 2428 560 2490 gubernator
598 2430 707 2477 vult
758 2431 897 2477 salva
947 2446 1072 2476 nave
1123 2431 1176 2476 in
1225 2433 1424 2492 portum
1479 2431 1761 2491 pervenire:
1817 2430 1858 2478 si

164 2503 333 2548 tamen
384 2505 679 2564 tempestate
726 2504 879 2551 fuerit
933 2504 1182 2565 abreptus,
1236 2521 1328 2551 non
1385 2504 1495 2552 ideo
1550 2506 1713 2551 minus
1765 2506 1857 2551 erit

168 2575 472 2637 gubernator
526 2578 750 2639 dicetque
804 2580 978 2625 notum
1031 2579 1184 2625 illud:
1227 2575 1364 2625 ‘dum
1420 2579 1618 2627 clavum
1666 2581 1858 2627 rectum

286 2706 340 2744 33
371 2703 493 2746 Enni
523 2705 642 2747 Ann.
675 2719 703 2747 v
735 2708 821 2747 483
855 2704 991 2748 Vahl.

286 2826 310 2864 9
341 2821 483 2864 boum
513 2830 603 2865 BP
721 2828 775 2867 19
809 2822 964 2867 effecit
994 2831 1083 2866 BP
1209 2829 1264 2867 25
1297 2826 1345 2867 et
1375 2839 1444 2868 om
1477 2832 1566 2866 BP
1592 2822 1853 2879 praestabit

167 2881 323 2923 autem
363 2881 556 2925 Vollmer

1528 2957 1584 2999 8²1<
