2007 3120
83 423 145 466 32

170 66 241 117 62
667 66 1040 119 QVJNTILLANI
1069 67 1219 111 INST.
1253 67 1344 111 OR.

170 206 372 252 fortium
442 204 742 252 canebantur
802 222 996 266 quaque
1056 207 1154 266 ipsi
1215 207 1366 253 fortes
1428 206 1690 254 canebant:
1759 224 1848 256 nec

168 279 406 339 psalteria
457 282 505 326 et
555 278 778 338 spadicas
831 280 982 326 etiam
1030 279 1303 342 virginibus
1349 280 1515 340 probis
1561 281 1846 342 recusanda,

170 351 255 398 sed
298 352 623 414 cognitionem
660 353 885 411 rationis,
935 368 1057 412 quae
1099 352 1159 399 ad
1197 352 1462 399 movendos
1501 354 1846 414 leniendosque

173 425 391 472 adfectus
438 424 705 486 plurimum
750 425 898 471 valet.
961 442 1074 472 nam
1121 428 1170 472 et
1208 425 1524 487 Pythagoran
1572 428 1847 488 accepimus

172 499 437 545 concitatos
478 498 540 544 ad
570 500 672 544 vim
704 497 910 559 pudicae
943 499 1109 545 domui
1142 499 1456 546 adferendam
1484 500 1684 547 iuvenes
1715 502 1849 547 iussa
1895 518 1909 526 ⁷

170 574 361 618 mutare
393 572 444 617 in
485 571 745 632 spondium
782 571 952 618 modos
989 572 1196 619 tibicina
1235 574 1561 633 conposuisse,
1609 576 1657 619 et
1697 572 1847 634 Chry-

171 646 340 704 sippus
388 646 537 691 etiam
583 644 829 691 nutricum
875 645 953 691 illi
991 661 1114 706 quae
1156 645 1413 692 adhibetur
1450 647 1724 693 infantibus
1766 647 1848 693 ad-

85 717 430 764 331ectation1
468 734 612 765 suum
652 717 897 778 quoddam
937 734 1130 765 carmen
1171 719 1410 781 adsignat.
1451 721 1524 766 est
1563 721 1713 767 etiam
1750 735 1850 766 non

81 1421 146 1466 34

83 1716 145 1760 35

169 791 411 838 inerudite
460 791 523 837 ad
569 791 940 838 declamandum
985 791 1100 838 ficta
1145 794 1369 851 materia,
1413 794 1467 838 in
1514 808 1611 852 qua
1648 794 1850 853 ponitur

170 864 365 924 tibicen,
415 866 500 924 qui
546 864 842 911 sacrificanti
887 864 1158 927 Phrygium
1205 867 1461 925 cecinerat,
1508 870 1616 912 acto
1662 865 1749 912 illo
1796 867 1847 912 in

169 939 414 985 insaniam
462 940 510 984 et
556 954 643 998 per
688 939 982 999 praecipitia
1030 938 1192 986 delato
1242 939 1471 998 accusari,
1528 940 1656 999 quod
1703 954 1849 987 causa

170 1011 341 1058 mortis
390 1012 630 1058 extiterit:
697 1027 820 1072 quae
870 1011 910 1058 si
958 1011 1056 1059 dici
1103 1011 1247 1059 debet
1293 1012 1352 1059 ab
1394 1015 1585 1059 oratore
1625 1028 1713 1059 nec
1752 1013 1850 1060 dici

170 1085 293 1131 citra
341 1085 598 1131 scientiam
643 1087 850 1132 musices
897 1088 1075 1146 potest,
1124 1085 1364 1146 quomodo
1411 1102 1509 1132 non
1554 1086 1680 1132 hanc
1729 1102 1847 1147 quo-

172 1174 262 1218 que
312 1162 468 1205 artem
514 1161 839 1205 necessariam
886 1173 987 1205 esse
1036 1160 1172 1220 operi
1217 1162 1382 1206 nostro
1423 1159 1502 1206 vel
1541 1159 1699 1219 iniqui
1739 1174 1849 1206 con-

171 1230 416 1278 sentient?

759 1328 857 1385 [DE
892 1327 1278 1385 GEOMETRLA]

279 1422 338 1468 In
388 1424 715 1484 geometria
768 1422 962 1483 partem
1015 1423 1236 1470 fatentur
1290 1438 1391 1470 esse
1446 1423 1619 1469 utilem
1668 1425 1849 1470 teneris

172 1496 438 1543 aetatibus:
473 1498 653 1558 agitari
684 1513 894 1556 namque
929 1496 1115 1543 animos
1150 1499 1198 1543 et
1231 1498 1341 1543 acui
1372 1498 1572 1559 ingenia
1604 1498 1653 1543 et
1685 1496 1849 1543 celeri-

171 1572 326 1615 tatem
365 1569 666 1630 percipiendi
697 1571 863 1616 venire
896 1570 1008 1616 inde
1042 1570 1327 1628 concedunt,
1367 1570 1452 1617 sed
1482 1569 1709 1631 prodesse
1743 1586 1850 1616 eam

171 1659 268 1689 non
299 1646 355 1689 ut-
388 1646 572 1690 ceteras
607 1645 742 1702 artis,
775 1659 883 1690 cum
914 1646 1174 1704 perceptae
1208 1645 1320 1703 sint,
1361 1644 1444 1690 sed
1477 1659 1586 1690 cum
1618 1643 1849 1702 discatur,
1875 1661 1892 1691 2

173 1718 455 1763 existimant
495 1712 568 1780 [id
608 1717 827 1778 vulgaris
868 1718 1032 1777 opim'o
1074 1714 1182 1778 est}
1230 1732 1317 1763 nec
1358 1718 1462 1765 sine
1495 1732 1641 1764 causa
1673 1719 1850 1765 summi

173 1790 268 1836 viri
309 1792 457 1837 etiam
496 1792 751 1850 inpensam
791 1791 904 1837 huic
935 1792 1166 1838 scientiae
1199 1806 1398 1851 operam
1430 1790 1679 1837 dederunt.
1734 1806 1849 1837 nam

173 1879 282 1910 cum
322 1865 386 1909 sit
426 1865 694 1926 geometria
737 1864 895 1910 divisa
927 1864 977 1909 in
1008 1879 1233 1910 numeros
1267 1867 1413 1924 atque
1445 1864 1642 1923 formas,
1681 1879 1849 1910 nume-

172 1952 337 1983 rorum
385 1937 580 1998 quidem
627 1937 806 1985 notitia
855 1953 953 1984 non
1000 1939 1183 1984 oratori
1221 1937 1380 1996 modo,
1431 1938 1515 1985 sed
1563 1938 1848 1998 cuicumque

175 2005 397 2073 [saltem]
423 2011 594 2071 primis
619 2011 798 2058 litteris
825 2011 1015 2057 erudito
1047 2012 1322 2058 necessaria
1355 2014 1440 2058 est.
1473 2011 1525 2057 in
1543 2012 1700 2058 causis
1733 2027 1847 2058 vero
1874 2027 1910 2058 ς’

174 2084 251 2130 vel
290 2084 682 2144 frequentissime
715 2086 900 2131 versari
933 2085 1074 2131 solet:
1114 2084 1166 2130 in
1200 2084 1374 2144 quibus
1409 2087 1557 2143 actor,
1596 2100 1693 2130 non
1726 2084 1848 2145 dico,

175 2159 215 2203 si
255 2159 381 2204 circa
423 2172 634 2204 summas
675 2158 905 2218 trepidat,
946 2157 1029 2204 sed
1069 2159 1110 2205 si
1149 2158 1417 2220 digitorum
1456 2158 1630 2205 saltem
1661 2159 1848 2206 incerto

175 2233 259 2277 aut-
297 2231 523 2278 indecoro
558 2234 698 2294 gestu
737 2247 765 2277 a
806 2233 1170 2292 computatione
1210 2231 1453 2290 dissensit,
1490 2231 1738 2277 iudicatur
1775 2233 1847 2277 in-

85 2304 149 2347 36
176 2304 359 2351 doctus.
415 2305 503 2350 illa
553 2320 666 2351 vero
707 2305 907 2351 linearis
946 2305 1072 2351 ratio
1114 2308 1162 2352 et
1200 2307 1309 2366 ipsa
1349 2305 1545 2365 quidem
1584 2304 1715 2352 cadit
1755 2306 1848 2351 fre-

176 2381 378 2438 quenter
409 2379 460 2423 in
495 2393 663 2425 causas
698 2372 834 2443 (nam
868 2379 925 2425 de
950 2378 1172 2424 terminis
1196 2379 1533 2439 mensurisque
1559 2380 1673 2425 sunt
1695 2371 1846 2443 lites),
1873 2395 1891 2425 3

176 2451 258 2497 sed
295 2450 443 2497 habet
483 2453 716 2498 maiorem
757 2452 1002 2513 quandam
1042 2452 1192 2498 aliam
1232 2468 1341 2498 cum
1381 2455 1484 2499 arte
1524 2453 1740 2498 oratoria
1772 2467 1848 2498 co-

296 2566 317 2603 7
351 2562 436 2618 frg.
474 2565 554 2604 735

296 2684 319 2721 2
353 2680 632 2722 recusandas
665 2688 700 2720 ,1
774 2685 799 2721 4
833 2681 1094 2735 accepimus
1128 2686 1238 2723 PX:
1275 2680 1525 2735 accipimus
1557 2686 1641 2721 AB
1720 2683 1743 2720 7
1777 2678 1848 2720 illi

171 2746 242 2780 'om
257 2745 346 2779 BP
375 2738 654 2781 adhibentur
666 2746 755 2780 BP
784 2738 1073 2781 allactationi
1106 2747 1149 2780 P
1209 2743 1261 2780 12
1277 2739 1315 2781 si
1329 2739 1442 2793 quid
1456 2737 1661 2794 (quidem
1673 2736 1796 2793 A2),1

177 2801 229 2838 21
265 2796 313 2838 id
334 2804 470 2839 aBP:
495 2810 547 2838 ea
573 2798 702 2840 Valla
720 2799 767 2839 in
783 2806 842 2850 1²3
871 2799 1083 2853 glossema
1099 2799 1263 2841 removi
1324 2802 1378 2840 25
1399 2797 1560 2852 primis
1586 2796 1751 2838 saltem
1762 2803 1853 2838 BP

147 2905 152 2912 Ι
177 2856 228 2908 cf
247 2856 262 2898 l
285 2859 337 2897 27
437 2860 491 2897 28
508 2855 723 2898 dissentit
735 2864 771 2897 Α
868 2860 921 2898 30
937 2857 975 2898 si
993 2883 1045 2887 —
1063 2856 1155 2898 sint
1172 2855 1278 2899 lites
1293 2864 1388 2899 sab
1413 2862 1551 2899 totum
1575 2856 1702 2899 colon
1725 2869 1794 2898 om
1809 2862 1847 2896 A
