2055 3130
243 73 350 125 318
739 73 1113 125 QVINTILIANI
1143 74 1293 118 INST.
1329 76 1421 119 OR.

243 216 505 274 utrumque
544 212 728 260 habent
765 213 1090 274 perorationis
1131 229 1300 276 genus,
1341 218 1390 261 et
1419 214 1558 275 illud,
1598 215 1728 276 quod
1761 219 1836 264 est
1858 232 1915 263 ex

244 287 610 333 enumeratione
649 285 1011 346 probationum,
1063 288 1113 333 et
1157 286 1270 346 hoc,
1327 287 1456 347 quod
1494 304 1551 334 ex
1588 288 1820 348 lacrimis,
1874 291 1917 336 si

243 362 332 407 aut
371 362 504 407 statu
542 359 814 420 periclitari
866 363 953 405 aut
999 360 1226 420 opinione
1273 360 1500 423 litigator
1543 361 1752 409 videtur.
1800 377 1916 409 nam

242 433 293 479 in
331 434 497 493 parvis
538 433 735 492 quidem
773 433 947 478 litibus
986 433 1074 480 has
1113 433 1395 496 tragoedias
1434 449 1629 481 movere
1681 435 1782 482 tale
1829 439 1915 495 est,

244 506 383 566 quasi
423 507 464 551 si
502 521 759 565 personam
806 505 1032 553 Herculis
1088 509 1136 552 et
1182 507 1443 554 cothurnos
1492 510 1661 567 aptare
1708 507 1912 556 infanti-

241 579 329 625 bus
368 579 504 625 velis.

153 651 212 695 37
351 652 425 698 Ne
464 652 590 698 illud
630 651 827 712 quidem
865 652 1123 713 indignum
1163 655 1237 700 est
1276 652 1625 713 admonitione,
1664 655 1838 716 ingens
1861 656 1914 701 in

242 725 448 786 epilogis
486 740 593 771 meo
632 724 816 772 iudicio
856 727 984 772 verti
1023 726 1294 784 discrimen,
1336 742 1432 787 quo
1472 726 1615 774 modo
1649 742 1698 774 se
1732 727 1915 775 dicenti

243 800 328 858 qui
366 800 608 845 excitatur
654 799 999 845 accommodet.
1047 814 1162 845 nam
1201 803 1248 846 et
1286 800 1518 860 inperitia
1568 803 1618 847 et
1655 802 1911 848 rusticitas

242 875 290 918 et
327 873 463 934 rigor
502 876 549 919 et
589 871 872 919 deformitas
913 872 1143 918 adferunt
1183 874 1377 919 interim
1420 874 1588 935 frigus,
1630 874 1913 935 diligenter-

153 943 214 987 38
241 961 334 1006 que
390 948 504 992 sunt
556 945 675 992 haec
729 947 885 992 actori
936 945 1252 1006 providenda.
1317 946 1541 1006 equidem
1593 949 1914 1010 repugnantis

241 1022 448 1078 patrono
484 1021 532 1065 et
563 1018 688 1065 nihil
720 1019 862 1066 vultu
894 1022 1161 1066 commotos
1195 1023 1243 1066 et
1273 1021 1616 1081 intempestive
1647 1021 1915 1068 renidentis

242 1094 291 1138 ct
329 1091 460 1139 facto
501 1092 670 1153 aliquo
710 1093 789 1139 vel
827 1094 934 1152 ipso
966 1093 1107 1138 vultu
1145 1094 1299 1140 risum
1324 1093 1473 1139 etiam
1497 1095 1738 1142 moventis
1770 1110 1914 1156 saepe

241 1165 358 1224 vidi,
409 1165 670 1226 praecipue
718 1181 849 1224 vero,
913 1181 1020 1212 cum
1086 1165 1254 1227 aliqua
1314 1167 1450 1213 velut
1505 1168 1721 1214 scaenice
1775 1167 1911 1214 fiunt.

152 1237 216 1280 39
241 1239 497 1285 transtulit
553 1239 818 1299 aliquando
872 1243 1109 1299 patronus
1164 1239 1394 1300 puellam,
1446 1256 1570 1300 quae
1625 1256 1762 1288 soror
1811 1257 1912 1288 esse
1961 1258 1981 1289 5

243 1312 514 1359 adversarii
570 1312 822 1360 dicebatur
863 1314 993 1372 (nam
1047 1313 1104 1359 de
1159 1313 1248 1359 hoc
1288 1313 1350 1360 lis
1407 1307 1552 1377 erat),
1601 1315 1653 1360 in
1709 1314 1914 1361 adversa

242 1385 488 1443 subsellia,
540 1389 793 1446 tamquam
833 1387 885 1432 in
925 1387 1109 1448 gremio
1149 1386 1317 1432 fratris
1367 1387 1649 1446 relicturus,
1698 1390 1751 1434 at
1795 1388 1837 1435 is
1885 1403 1914 1434 a

240 1459 381 1506 nobis
421 1461 755 1520 praemonitus
796 1460 1095 1506 discesserat.
1136 1463 1243 1505 tum
1283 1461 1382 1518 ille,
1424 1461 1611 1521 alioqui
1641 1462 1719 1508 vir
1747 1462 1913 1508 facun-

241 1531 345 1590 dus,
384 1533 669 1593 inopinatae
709 1534 780 1578 rei
820 1549 934 1580 casu
975 1533 1223 1579 obmutuit
1264 1537 1310 1579 et
1341 1534 1581 1580 infantem
1614 1550 1751 1582 suam
1776 1535 1913 1596 trigi-

153 1603 216 1648 40
241 1606 437 1653 dissime
477 1608 764 1667 reportavit.
805 1607 929 1653 alius
968 1607 1231 1669 imaginem
1271 1608 1439 1653 mariti
1470 1624 1558 1668 pro
1590 1624 1675 1655 rea
1698 1609 1915 1670 proferre

241 1681 410 1742 magni
447 1680 658 1740 putavit,
700 1686 751 1726 at
791 1696 846 1727 ea
886 1681 1038 1726 risum
1077 1682 1269 1740 saepius
1310 1682 1438 1728 fecit.
1479 1697 1592 1728 nam
1626 1685 1675 1728 et
1704 1682 1755 1741 ii,
1797 1697 1913 1743 quo-

240 1770 350 1799 rum
384 1754 534 1800 officii
566 1758 672 1800 erat
698 1758 753 1800 ut
777 1754 1026 1800 traderent
1053 1769 1174 1811 eam,
1200 1755 1374 1816 ignari,
1408 1756 1496 1815 qui
1527 1759 1652 1802 esset
1677 1756 1916 1817 epilogus,

242 1829 468 1887 quotiens
509 1829 799 1888 respexisset
830 1831 1080 1888 patronus,
1121 1827 1389 1874 offerebant
1420 1829 1599 1889 palam,
1641 1832 1689 1876 et
1718 1829 1915 1890 prolata

242 1902 504 1947 novissime
545 1900 857 1948 deformitate
899 1901 1005 1961 ipsa
1046 1906 1183 1963 (Vnam
1223 1903 1349 1948 senis
1395 1902 1620 1949 cadaveri
1661 1917 1770 1950 cera
1811 1906 1916 1949 erat

244 1968 430 2038 infusa)
494 1976 813 2034 praeteritam
877 1990 1069 2034 quoque
1121 1976 1357 2021 orationis
1412 1977 1624 2037 gratiam
1686 1975 1913 2037 perdidit.

156 2043 215 2088 41
245 2063 332 2094 nec
370 2049 609 2110 ignotum,
651 2047 767 2108 quid
807 2047 1028 2108 Glyconi,
1077 2050 1155 2095 cui
1195 2047 1443 2109 Spiridion
1489 2050 1585 2095 fuit
1631 2064 1914 2111 cognomen,

245 2121 488 2168 acciderit.
529 2121 640 2168 huic
680 2137 814 2182 puer,
857 2137 999 2182 quem
1039 2122 1080 2168 is
1120 2121 1412 2182 productum
1445 2122 1563 2184 quid
1594 2122 1735 2170 fieret
1763 2124 1914 2170 inter-

242 2195 465 2256 rogabat,
506 2211 534 2241 a
572 2195 860 2257 paedagogo
902 2211 951 2242 se
991 2195 1212 2242 vellicari
1250 2195 1514 2256 respondit.
1555 2196 1638 2243 sed
1676 2197 1802 2242 nihil
1825 2197 1916 2242 illa

242 2269 370 2314 circa
435 2267 696 2330 Caepasios
753 2268 999 2316 Ciceronis
1059 2268 1227 2315 fabula
1283 2269 1526 2316 efficacius
1581 2270 1642 2316 ad
1695 2270 1916 2330 pericula

360 2355 489 2434 ἰθ-ζ’).
525 2355 734 2422 όῙυθῃῒίο
769 2383 822 2421 20
857 2393 941 2434 sqq

361 2485 381 2522 7
416 2480 534 2523 illud
567 2496 623 2524 ne
659 2483 786 2525 libri:
818 2496 916 2525 corr
949 2482 1173 2539 Spalding]
1296 2487 1347 2524 11
1384 2483 1598 2538 equidem
1630 2491 1689 2525 P:
1732 2485 1778 2526 et
1810 2483 1914 2538 qui-

242 2539 346 2582 dem
371 2548 534 2581 ‹nc-*VM
562 2541 749 2595 quidem
776 2558 798 2581 *
827 2558 850 2581 ιιι
877 2549 913 2581 Α
1007 2546 1059 2583 12
1093 2541 1356 2584 renidentes
1382 2542 1628 2598 Spaldiny:
1659 2541 1914 2584 residentes

240 2599 337 2654 (-tis
369 2602 421 2653 A)
455 2607 618 2641 aaut·
636 2599 839 2642 ridentes
867 2607 910 2641 P
1029 2605 1082 2642 14
1110 2605 1211 2655 post
1234 2600 1351 2642 fiunt
1375 2601 1503 2643 libri:
1535 2600 1628 2642 alia
1653 2599 1812 2656 (aliam
1836 2609 1915 2642 AG

239 2657 357 2700 alias
392 2658 467 2712 ΡΙ)
502 2658 675 2701 cadunt
706 2660 723 2700 Δι’
754 2673 774 2701 e
805 2659 950 2714 ylossa
978 2658 1034 2700 al‘v
1064 2659 1235 2701 cadunt
1259 2661 1481 2714 expet-rexit
1498 2660 1683 2715 Reyz'us,
1713 2660 1788 2702 sed
1814 2674 1913 2702 cum

239 2717 434 2760 Bechero
467 2718 643 2760 notabis
674 2719 850 2760 variam
885 2719 1111 2760 lec-tionem
1145 2717 1317 2760 cadunt
1333 2732 1421 2773 pro
1447 2717 1562 2760 fiunt
1683 2722 1737 2760 22
1771 2717 1912 2760 officii

239 2783 298 2817 P:
334 2774 485 2817 officio
522 2783 691 2818 AGJss‘
806 2781 861 2818 24
895 2776 1015 2818 senis
1049 2776 1262 2818 cadaveri
1296 2789 1398 2819 cera
1432 2779 1531 2819 erat
1561 2776 1718 2819 infusa
1748 2777 1915 2820 Halm:

240 2834 360 2876 senis
395 2834 569 2877 caduca
602 2836 742 2889 (-cum
768 2843 812 2889 Γ)
838 2835 932 2877 veri
949 2834 1102 2877 infusa
1120 2843 1155 2876 Α
1174 2837 1333 2891 ,(-sam)
1356 2843 1482 2878 ΕΜΓ
1501 2835 1615 2878 ceris
1633 2835 1828 2878 cadaver
1844 2836 1913 2877 in-

239 2891 392 2934 fusum
425 2893 486 2934 1¹²l

1940 891 1983 922 10

1940 1625 1984 1656 20

1939 1991 1981 2023 25
