2055 3130
248 45 355 98 202
748 42 1122 95 QVINTILIANI
1151 41 1215 84 IN
1220 41 1302 85 ST.
1336 40 1429 84 ΟΒ.

247 184 496 242 habuerit,
552 198 696 243 quem
743 181 804 228 ad
849 181 1046 228 modum
1091 182 1196 241 ipse
1250 180 1448 240 vixerit,
1501 180 1675 240 quibus
1728 181 1918 228 meritis

249 259 403 304 fretus
445 256 506 303 ad
555 255 845 316 petitionem
892 252 1225 301 descenderit?
1275 256 1359 299 aut
1407 255 1491 314 qui
1536 253 1918 314 repetundarum

247 329 631 386 insimulabitur,
685 343 783 374 non
830 330 879 373 et
925 329 1036 374 ante
1088 330 1251 374 actam
1304 327 1474 385 vitam,
1525 328 1574 372 et
1626 326 1804 387 quibus
1859 326 1916 372 de

249 405 405 451 causis
444 402 749 463 provinciam
787 401 1067 447 universam
1105 401 1184 446 vel
1224 402 1556 446 accusatorem
1606 401 1693 445 aut
1741 402 1917 447 testem

156 472 219 516 16
247 475 516 534 offenderit,
563 490 659 521 non
699 473 943 520 inutiliter
982 471 1228 533 exponet?
1282 488 1406 534 quae
1454 473 1496 519 si
1545 473 1765 520 narratio
1817 488 1916 519 non
1963 489 1982 520 5

247 551 332 609 est,
380 564 439 595 ne
478 549 567 594 illa
606 547 799 608 quidem
852 545 1097 593 Ciceronis
1145 561 1234 607 pro
1284 545 1508 592 Cluentio
1547 546 1722 606 prima,
1779 547 1916 593 cuius

247 626 320 669 est
372 623 591 668 initium:
644 616 720 666 εΑ.
771 619 1021 666 Cluentius
1068 614 1315 666 Habitus'.
1379 619 1502 665 m‘hil
1558 619 1687 665 enim
1733 619 1813 666 hic
1859 618 1917 664 de

246 695 492 754 veneficio,
532 694 614 741 sed
655 694 711 739 de
753 695 926 751 causis,
966 692 1142 753 quibus
1175 693 1219 739 ei
1243 695 1401 739 mater
1432 693 1631 738 inimica
1663 693 1740 751 sit,
1783 692 1917 738 dicit.

159 765 217 808 17
247 769 371 815 aliae
414 783 605 828 quoque
646 770 760 813 sunt
797 768 1098 827 pertinentes
1138 765 1200 812 ad
1240 780 1452 824 causam,
1499 765 1583 812 sed
1626 780 1725 812 non
1761 766 1918 826 ipsius

247 857 420 889 causae
459 842 780 898 narrationes,
826 840 904 886 vel
945 840 1156 900 exempli
1195 841 1371 902 gratia,
1417 841 1475 884 ut
1520 838 1571 884 in
1609 838 1812 884 Verrem
1858 838 1915 884 de
1943 856 1985 887 ιο

246 916 299 961 L.
339 915 573 973 Domitio,
607 915 694 974 qui
731 916 994 974 pastorem,
1036 913 1165 973 quod
1204 914 1246 959 is
1288 928 1474 973 aprum,
1517 928 1661 972 quem
1690 911 1789 973 ipsi
1811 928 1918 958 mu-

247 990 352 1035 neri
413 988 674 1046 obtulerat,
737 990 995 1047 exceptum
1049 1001 1150 1033 esse
1203 1001 1231 1031 a
1278 1002 1327 1032 se
1378 986 1620 1032 venabulo
1672 986 1918 1033 confessus

159 1057 220 1101 18
249 1064 388 1122 esset,
433 1063 485 1107 in
532 1077 721 1109 crucem
769 1060 991 1108 sustulit:
1038 1060 1117 1107 vel
1165 1059 1440 1106 excutiendi
1487 1059 1692 1106 alicuius
1740 1060 1919 1105 extrin-

248 1151 381 1183 secus
434 1135 664 1193 criminis,
718 1136 777 1180 ut
821 1149 910 1194 pro
959 1133 1158 1179 Rabirio
1207 1132 1468 1180 Postumo:
1525 1128 1660 1178 ‘nam
1711 1135 1767 1178 ut
1809 1148 1919 1178 ven-

2046 1208 2049 1214 ,
2039 963 2051 1182 q—-z-oua

246 1213 352 1256 tum
390 1207 742 1255 Alexandriam
782 1210 867 1267 est,
906 1206 1105 1265 iudices,
1144 1206 1264 1252 haec
1303 1221 1403 1252 una
1442 1207 1569 1252 ratio
1611 1222 1637 1251 a
1662 1221 1777 1267 rege
1807 1221 1917 1266 pro·
1944 1220 1985 1253 15
2046 1248 2049 1254 ,

247 1283 409 1344 posita
449 1282 682 1328 Postumo
724 1283 798 1327 est
845 1279 1110 1327 servandae
1150 1280 1398 1339 pecuniae,
1446 1280 1488 1325 si
1528 1280 1832 1326 curationem
1871 1281 1920 1325 et

249 1358 390 1416 quasi
430 1355 844 1416 dispensationem
882 1354 1071 1415 regiam
1110 1349 1448 1413 suscepisset':
1488 1352 1567 1398 vel
1599 1352 1824 1414 augendi,
1864 1353 1921 1399 ut

248 1429 541 1476 describitur
579 1430 674 1474 iter
712 1427 895 1474 Verris.

158 1499 221 1541 19
357 1502 497 1549 Ficta
536 1503 735 1547 interim
782 1502 1002 1548 narratio
1049 1499 1296 1547 introduci
1343 1500 1480 1558 solet,
1527 1499 1606 1546 vel
1653 1498 1715 1545 ad
1762 1499 1920 1545 conci-

245 1575 420 1622 tandos
458 1575 656 1634 iudices,
706 1577 764 1620 ut
802 1590 892 1635 pro
939 1574 1115 1621 Roscio
1163 1575 1290 1620 circa
1339 1572 1735 1634 Chrysogonum,
1782 1573 1918 1619 cuius
1943 1589 1985 1620 20

246 1649 393 1710 paulo
435 1653 547 1695 ante
586 1648 735 1694 habui
775 1649 1088 1706 mentionem,
1145 1647 1223 1693 vel
1274 1646 1335 1692 ad
1389 1645 1699 1693 resolvendos
1751 1645 1920 1706 aliqua

246 1722 542 1781 urbanitate,
582 1725 638 1768 ut
676 1737 764 1782 pro
806 1720 1032 1767 Cluentio
1074 1722 1202 1767 circa
1241 1721 1418 1767 frat-res
1446 1718 1730 1780 Caepasios:
1768 1720 1919 1765 inter-

251 1796 367 1842 dum
421 1812 508 1857 per
562 1796 912 1858 digressionem
967 1795 1151 1841 decoris
1206 1794 1382 1855 gratia,
1438 1793 1598 1853 qualis
1651 1807 1819 1840 rursus
1867 1794 1920 1839 in

247 1869 450 1916 Verrem
512 1869 569 1916 de
631 1868 937 1929 Proserpina.
1002 1864 1071 1914 ‘in
1125 1868 1200 1914 his
1265 1866 1513 1927 quondam
1574 1867 1694 1914 locis
1761 1868 1921 1912 mater

247 1943 399 1990 filiam
463 1943 706 2003 quaesisse
769 1938 979 1989 dicitur'.
1037 1957 1161 2002 quae
1224 1942 1387 1987 omnia
1443 1956 1497 1987 eo
1540 1941 1802 2001 pertinent,
1863 1942 1920 1986 ut
1943 1955 1985 1987 25

249 2020 484 2077 appareat
534 2032 631 2063 non
677 2016 849 2076 utique
903 2031 1000 2061 non
1047 2029 1247 2061 narrare
1299 2030 1423 2073 eum,
1487 2015 1572 2074 qui
1624 2015 1788 2075 negat,
1835 2012 1921 2060 sed

246 2090 370 2136 illud
408 2092 569 2151 ipsum
608 2105 823 2147 narrare,
863 2089 992 2149 quod
1031 2092 1192 2151 negat.

154 2159 223 2203 *20
357 2164 459 2210 Nec
497 2164 587 2210 hoc
628 2163 825 2224 quidem
865 2162 1155 2224 simpliciter
1195 2161 1552 2221 accipiendum,
1605 2160 1734 2220 quod
1781 2162 1852 2206 est
1892 2175 1921 2206 a

248 2254 324 2284 me
349 2238 583 2298 positum,
616 2251 966 2297 supervacua-m
993 2251 1094 2282 esse
1127 2236 1459 2282 narrationem
1482 2236 1570 2293 rei,
1603 2248 1751 2293 quam
1774 2233 1921 2279 iudex

192 2308 200 2315 ’
247 2313 460 2358 noverit:
503 2310 632 2370 quod
671 2311 741 2357 sic
780 2310 1003 2370 intellegi
1041 2309 1169 2367 volo,
1209 2310 1251 2355 si
1289 2325 1384 2355 non
1418 2307 1561 2355 modo
1587 2307 1772 2353 factum
1800 2306 1920 2367 quid
1943 2322 1986 2354 30
2054 2315 2055 2360 ζ

370 2432 1920 2487 7c5‚11—105‚3—14010‚28—18Verr.5‚10sqq

248 2498 816 2546 —20022‚60-22
853 2498 977 2545 020,
1012 2496 1419 2543 57—244‚48‚
1455 2495 1536 2533 106

367 2601 391 2638 2
426 2597 524 2654 qui]
559 2597 661 2651 quis
693 2604 738 2638 Β
768 2596 806 2638 si
839 2595 941 2650 quis
976 2595 1031 2637 ΤΞ
1182 2599 1206 2637 3
1241 2594 1431 2637 crimine
1463 2592 1810 2636 insimulabitur
1840 2601 1876 2634 A
1913 2592 1918 2643 l

249 2655 307 2697 de
340 2669 410 2698 om
441 2664 485 2698 B
618 2660 644 2697 4
676 2669 758 2710 per
789 2655 1073 2710 provinciam
1108 2655 1234 2697 libri.-
1266 2667 1365 2696 σοῖν
1397 2654 1491 2696 Alcl
1517 2657 1523 2706 Ι
1550 2652 1623 2694 vel
1655 2666 1724 2695 om
1755 2660 1799 2694 B

251 2718 274 2756 9
309 2714 428 2756 aliae
464 2714 653 2758 Gesner:
686 2714 804 2756 duae
836 2722 880 2756 Β
910 2713 1020 2756 illae
1050 2721 1134 2754 ΑΡ
1312 2716 1363 2754 13
1398 2711 1677 2754 discutiendi
1708 2719 1744 2752 A

251 2776 303 2815 19
337 2772 463 2815 facta
488 2773 713 2829 Spalding]
741 2775 745 2829 Ι
775 2772 846 2815 vel
870 2787 939 2815 om
962 2780 1007 2814 Β
1119 2777 1170 2814 21
1207 2770 1445 2813 solvendos
1469 2778 1558 2813 BP
1661 2773 1714 2811 30
1745 2769 1922 2812 factum

250 2831 362 2885 quid
393 2839 481 2874 BP
517 2832 573 2876 Vt
597 2847 632 2887 p
664 2837 770 2874 425:
805 2847 846 2887 q.
881 2830 910 2873 f.
944 2839 981 2872 A
