2012 3151
0 769 3 816 1

0 833 2 898 J

783 73 856 117 VI.
893 78 932 128 3,
967 78 1154 118 89—98.
1706 73 1814 125 347

132 215 217 276 qui
257 215 417 262 minus
460 214 722 276 exprobrat
762 230 910 274 quam
948 215 1136 274 potest,
1188 215 1245 260 ut
1294 213 1425 259 idem
1465 213 1648 259 dicenti
1703 227 1814 259 can-

131 289 299 336 didato
350 284 561 350 esemper
611 288 808 335 domum
860 289 995 333 tuam
1054 282 1219 349 colui',
1273 301 1384 333 cum
1435 289 1601 347 posset
1648 287 1816 345 palam

130 378 337 425 negare:
386 358 582 423 ‘credo',
633 363 812 422 inquit,
855 355 950 423 [et]
993 356 1187 408 ‘verum
1242 356 1348 408 est’.
1404 361 1605 406 interim
1656 359 1713 404 de
1766 374 1815 406 se

131 437 289 483 dicere
328 436 593 482 ridiculum
633 438 727 482 est:
776 438 838 494 et,
887 434 1018 494 quod
1057 436 1110 480 in
1150 435 1304 480 alium
1352 435 1394 481 si
1441 433 1696 481 absentem
1743 433 1815 478 di-

86 527 105 558 5
133 513 334 568 ceretur,
375 510 619 556 urbanum
657 525 754 556 non
807 510 934 567 erat,
984 510 1218 569 quoniam
1272 509 1370 568 ipsi
1423 507 1591 568 palam
1647 523 1815 567 expro-

66 896 106 927 10

65 1265 105 1297 15

64 1636 106 1667 20

64 2005 105 2036 25

129 584 317 643 bratur,
355 587 521 632 movet
560 585 734 641 risum3
777 583 922 643 quale
962 582 1179 646 Augusti
1219 585 1305 641 est,
1347 596 1458 629 cum
1491 581 1551 628 ab
1585 597 1641 627 eo
1673 581 1814 627 miles
1842 582 1905 626 95

129 658 294 705 nescio
336 658 455 718 quid
494 657 698 717 inprobe
739 659 928 716 peteret
952 652 1070 719 (et)
1103 658 1295 704 veniret
1321 658 1493 703 contra
1517 655 1814 714 Marcianus,

133 748 276 792 quem
327 731 671 792 suspicabatur
719 734 767 776 et
820 732 986 791 ipsum
1034 729 1225 791 aliquid
1273 731 1456 776 iniuste
1503 732 1816 791 rogaturum:

133 802 251 853 ‘non
289 801 485 868 magis’,
523 806 703 865 inquit,
746 800 959 864 ‘faciam,
1001 805 1287 863 commilito,
1330 802 1460 864 quod
1491 805 1635 864 petis,
1668 818 1817 864 quam

133 879 264 940 quod
302 879 583 926 Marcianus
625 894 654 924 a
692 894 768 924 me
809 879 1056 938 petiturus
1099 874 1207 925 est’.

241 953 496 1001 Adiuvant
535 952 868 998 urbanitatem
910 954 958 998 et
996 968 1167 999 versus
1210 951 1461 998 commode
1509 952 1684 1011 positi,
1733 966 1817 998 seu
1843 950 1905 994 96

129 1028 225 1074 toti
264 1029 321 1073 ut
360 1029 475 1074 sunt
515 1019 671 1087 (quod
711 1026 831 1073 adeo
872 1026 1017 1072 facile
1058 1029 1156 1086 est,
1203 1028 1260 1072 ut
1307 1024 1514 1073 Ovidius
1563 1040 1621 1070 ex
1665 1028 1817 1072 tetra-

131 1101 324 1148 stichon
363 1101 521 1148 Macri
560 1102 774 1147 carmine
814 1100 997 1146 librum
1036 1101 1088 1146 in
1128 1100 1283 1146 malos
1323 1102 1496 1160 poetas
1531 1114 1815 1159 composue-

129 1169 235 1240 rit),
276 1175 411 1236 quod
448 1174 506 1221 fit
546 1176 751 1237 gratius,
792 1176 835 1220 si
875 1190 973 1235 qua
1013 1175 1164 1221 etiam
1205 1173 1531 1236 ambiguitate
1575 1173 1817 1231 conditur,

130 1252 187 1296 ut
227 1247 396 1296 Cicero
447 1251 500 1295 in
545 1248 795 1308 Lartium⁷
850 1248 1099 1295 hominem
1156 1247 1391 1295 callidum
1447 1250 1496 1294 et
1547 1250 1817 1306 versutum,

132 1338 242 1369 cum
280 1325 322 1370 is
361 1325 414 1369 in
455 1323 671 1384 quadam
711 1337 857 1369 causa
898 1325 1152 1383 suspectus
1195 1325 1342 1369 esset:

376 1392 493 1445 ‘nisi
532 1399 572 1443 si
613 1412 709 1457 qua
750 1396 918 1444 Ulixes
959 1397 1106 1444 lintre
1149 1398 1306 1443 evasit
1346 1391 1582 1442 Lartius':

131 1487 216 1518 seu
254 1471 414 1519 verbis
457 1487 514 1518 ex
553 1474 694 1531 parte
735 1473 956 1530 mutatis,
1004 1474 1061 1518 ut
1099 1473 1151 1517 in
1192 1487 1324 1529 eum,
1378 1471 1463 1530 qui
1511 1485 1622 1515 cum
1671 1472 1817 1516 antea
1844 1469 1904 1512 97

131 1546 452 1593 stultissimus
494 1548 622 1593 esset
662 1544 874 1604 habitus,
913 1548 1025 1605 post
1067 1548 1320 1606 acceptam
1359 1543 1687 1591 hereditatem
1718 1545 1817 1604 pri-

129 1635 239 1666 mus
280 1621 575 1666 sententiam
615 1619 906 1682 rogabatur:

398 1689 663 1740 ‘hereditas
705 1697 792 1753 est,
833 1709 983 1755 quam
1020 1696 1202 1740 vocant
1234 1687 1551 1754 sapientiam'

130 1784 218 1828 pro
244 1767 331 1815 illo
360 1764 591 1814 ‘felicitas
633 1763 748 1815 est’:
783 1783 868 1814 seu
892 1767 996 1814 ficti
1035 1769 1165 1814 notis
1198 1767 1420 1814 versibus
1453 1766 1652 1826 similes,
1695 1781 1819 1827 quae

130 1841 356 1910 παρῳὸία
390 1842 592 1888 dicitur:
634 1844 682 1888 et
713 1842 976 1902 proverbia
1009 1844 1282 1902 opportune
1317 1843 1506 1902 aptata,
1538 1844 1597 1887 ut
1629 1840 1821 1887 homini
1846 1839 1907 1882 98

130 1932 343 1976 nequam
396 1916 536 1977 lapso
586 1918 634 1963 et
680 1919 736 1962 ut
787 1916 1101 1963 adlevaretur
1150 1917 1352 1978 roganti
1408 1911 1573 1962 ‘tollat
1626 1917 1675 1961 te
1733 1915 1821 1975 qui

131 2005 230 2036 non
268 1985 441 2037 novit’.
484 2007 542 2036 ex
572 1991 781 2038 historia
813 1993 966 2037 etiam
998 1990 1173 2037 ducere
1205 1990 1541 2036 urbanitatem
1574 1988 1822 2035 eruditum

133 2067 221 2123 est,
261 2067 320 2110 ut
362 2063 529 2112 Cicero
570 2065 701 2123 fecit,
753 2080 863 2111 cum
903 2067 949 2112 ei
986 2067 1164 2111 testem
1203 2065 1258 2110 in
1302 2064 1486 2110 iudicio
1526 2063 1696 2110 Verris
1743 2079 1821 2110 ro-

133 2140 276 2201 ganti
315 2138 517 2186 dixisset
555 2138 849 2186 Hortensius
904 2135 1021 2186 ‘non
1058 2138 1294 2201 intellego
1335 2138 1454 2184 haec
1502 2131 1821 2200 aenigmata':

255 2313 309 2351 17
343 2309 478 2365 Trag.
513 2309 601 2352 inc.
634 2309 677 2351 fr
707 2309 874 2352 XLVII
905 2325 934 2364 p
970 2313 1054 2352 286
1087 2309 1139 2351 R.
1189 2336 1246 2340 —
1295 2314 1348 2351 ’21
1384 2307 1552 2351 Comic.
1578 2308 1739 2350 incert.
1780 2306 1823 2349 fr

132 2367 304 2410 XXXV
335 2383 365 2423 p
401 2372 485 2410 140
518 2369 570 2412 R.

255 2536 278 2573 3
313 2533 359 2573 et
390 2533 503 2574 delet
534 2532 704 2575 Becher
884 2537 910 2574 4
945 2531 1175 2575 diceretur
1211 2532 1422 2575 Obrecht:
1454 2531 1629 2573 diceret

135 2595 157 2631 7
195 2592 240 2632 et
273 2591 366 2634 add
397 2591 623 2648 Spalding
746 2596 797 2633 12
832 2591 922 2634 toti
948 2592 1142 2648 Reyz'us:
1173 2593 1245 2633 tot
1368 2595 1421 2633 15
1455 2589 1666 2632 Lartium
1690 2591 1816 2632 Bon-

132 2650 245 2692 nell:
283 2649 471 2692 lertium
501 2659 539 2692 Α
572 2650 743 2693 artium
779 2659 814 2692 G
846 2650 1068 2693 martium
1101 2658 1232 2692 PVJ!
1389 2655 1440 2692 17
1477 2649 1515 2692 si
1547 2663 1618 2693 om
1651 2656 1781 2691 PVJI

133 2708 273 2750 lintre
306 2709 453 2751 evasit
485 2710 731 2767 Spaldiny:
762 2710 1005 2753 intervasit
1036 2717 1160 2760 [1951
1185 2711 1286 2752 rate
1319 2709 1467 2752 evasit
1499 2714 1607 2760 ΡΓῙ
1637 2708 1820 2750 Lartius

133 2776 192 2810 A:
226 2767 408 2810 Lei-tius
441 2769 532 2821 fere
561 2770 643 2812 rell
800 2774 853 2811 :22
887 2768 1089 2812 felicitas
1123 2787 1174 2811 a:
1208 2768 1414 2812 falicitas
1439 2777 1476 2810 Α
1500 2766 1706 2810 facilitas
1737 2775 1825 2809 GM

134 2826 335 2870 facultas
369 2835 452 2869 ΡΓ
627 2832 681 2870 25
716 2828 882 2871 ducere
915 2836 975 2871 P:
1011 2829 1172 2871 docere
1205 2836 1376 2870 AGI’JI
1545 2831 1599 2869 26
1633 2827 1820 2883 testem]

134 2887 257 2929 tecte
289 2887 533 2930 Eberhard
