2012 3151
67 211 160 256 108

66 504 159 548 109

184 71 291 123 350
686 71 1060 123 QVINTILIANI
1088 72 1155 115 IN
1158 71 1238 116 ST.
1273 73 1366 118 ΟΒ.

186 212 439 272 proprium
471 226 707 271 saporem.
747 227 808 258 ne
837 214 1004 258 tamen
1033 210 1270 258 iudicium
1301 212 1468 273 Marsi,
1505 214 1717 263 hominis
1749 230 1854 262 eru-

184 284 426 344 ditissimi,
467 283 764 344 subtraham,
805 285 932 331 seria
970 285 1189 344 partitur
1226 285 1277 331 in
1300 287 1399 332 tria
1430 302 1623 349 genera,
1661 287 1855 336 honori-

183 357 342 416 ficum,
383 358 802 416 contumeliosum,
842 357 1070 404 medium.
1126 360 1174 404 et
1211 358 1468 406 honorifici
1513 362 1654 420 ponit
1700 376 1856 408 exem-

184 431 321 491 plum
356 429 600 477 Ciceronis
639 446 728 492 pro
770 429 822 486 Q.
856 430 1056 493 Ligario
1098 431 1229 492 apud
1271 431 1547 480 Caesarem:
1589 429 1695 495 ‘qui
1731 434 1857 480 nihil

186 504 310 551 soles
350 503 574 550 oblivisci
612 503 706 550 nisi
745 499 989 563 iniurias',
1029 507 1077 550 et
1117 506 1472 565 contumeliosi,
1520 507 1651 566 quod
1687 508 1855 555 Attico

182 578 379 636 scripsit
410 577 467 622 de
493 576 726 637 Pompeio
760 579 809 623 et
842 575 1067 624 Caesare:
1110 573 1282 625 ‘habeo
1308 595 1452 638 quem
1477 581 1678 642 fugiam,
1711 596 1856 641 quem

183 665 359 710 sequar
389 665 487 696 non
525 646 717 709 habeo’,
757 654 805 696 et
843 650 1006 708 medii,
1054 650 1184 711 quod
1230 649 1666 716 ἀποφθεγματικόν
1713 657 1858 701 vocat

183 726 231 770 et
291 726 379 782 est,
443 724 516 769 ita
578 738 687 769 cum
760 723 905 770 dixit:
970 719 1145 784 ‘neque
1195 741 1395 786 gravem
1464 730 1669 773 mortem
1733 727 1857 774 acci-

182 797 294 843 dere
341 797 446 843 viro
501 797 620 843 forti
675 812 816 857 posse
886 811 972 862 nec
1033 799 1331 844 inmaturam
1392 800 1639 846 consulari
1698 815 1856 861 neque

181 871 409 917 miseram
449 865 696 930 sapienti’.
738 885 862 930 quae
895 871 1060 916 omnia
1092 874 1205 918 sunt
1245 873 1429 932 optime
1469 873 1615 932 dicta,
1654 873 1739 920 sed
1771 888 1858 920 cur

66 944 161 987 110
184 944 381 1004 proprie
421 959 597 991 nomen
636 943 934 990 urbanitatis
982 944 1226 1004 accipiant
1272 961 1368 991 non
1420 946 1574 993 video.
1632 946 1761 1007 quod
1815 947 1857 993 si

65 1384 156 1427 111

68 1750 158 1795 11⁶.)

183 1033 279 1063 non
319 1018 488 1075 totius,
526 1020 582 1063 ut
621 1017 743 1063 mihi
782 1017 992 1076 videtur,
1044 1018 1280 1065 orationis
1321 1019 1454 1066 color
1492 1023 1727 1079 meretur,
1773 1020 1859 1068 sed

183 1092 332 1137 etiam
372 1090 577 1152 singulis
618 1091 761 1138 dic-tis
799 1090 1114 1137 tribuendum
1165 1095 1260 1149 est,
1310 1092 1399 1138 illa
1451 1095 1616 1152 potius
1669 1093 1857 1140 urbana

183 1179 239 1210 ex
265 1165 391 1210 serio
418 1163 637 1222 dixerim,
677 1179 803 1224 quae
829 1167 943 1211 sunt
975 1164 1163 1225 generis
1189 1165 1419 1224 eiusdem,
1451 1163 1578 1228 (ex)
1611 1183 1707 1227 quo
1739 1167 1855 1213 ridi-

184 1238 292 1284 cula
325 1236 571 1283 ducuntur
597 1241 644 1284 et
668 1240 835 1284 tamen
858 1237 1068 1284 ridicula
1100 1253 1195 1285 non
1221 1241 1348 1297 sunt,
1388 1237 1511 1300 <ut>
1546 1239 1605 1286 de
1635 1240 1857 1288 Pollione

182 1311 355 1358 Asinio
406 1310 545 1358 seriis
599 1312 816 1371 iocisque
870 1310 1057 1371 pariter
1111 1311 1476 1359 accommodato
1532 1312 1715 1360 dictum
1771 1317 1855 1373 est,

186 1399 287 1431 esse
328 1400 438 1430 eum
488 1386 707 1430 omnium
746 1385 992 1443 horarum,
1043 1387 1091 1431 et
1144 1384 1202 1432 de
1254 1388 1415 1432 actore
1471 1386 1613 1433 facile
1668 1386 1857 1434 dicente

183 1473 238 1504 ex
277 1460 518 1517 ternpore,
569 1458 823 1520 ingenium
878 1473 988 1505 eum
1039 1460 1086 1504 in
1141 1461 1398 1506 numerato
1452 1460 1652 1507 habere:
1707 1462 1857 1507 etiam

181 1531 405 1591 Pompei,
457 1531 587 1591 quod
638 1532 787 1578 refert
837 1532 1051 1590 Marsus,
1113 1532 1162 1578 in
1220 1531 1499 1579 Ciceronem
1555 1533 1857 1581 diffidentem

182 1604 405 1665 partibus
449 1601 623 1651 ‘transi
663 1605 724 1651 ad
776 1603 1045 1663 Caesarem,
1083 1621 1160 1652 me
1199 1602 1429 1653 timebis'.
1471 1610 1577 1653 erat
1616 1609 1768 1667 enim,
1816 1609 1859 1655 si

184 1678 242 1724 de
281 1694 334 1725 re
373 1679 559 1725 minore
601 1682 685 1725 aut
732 1678 829 1725 alio
882 1681 1044 1725 animo
1096 1683 1182 1726 ant
1233 1679 1440 1740 denique
1495 1696 1592 1727 non
1640 1681 1701 1728 ab
1746 1682 1855 1742 ipso

185 1751 368 1799 dictum
407 1752 594 1810 fuisset,
635 1752 767 1813 quod
805 1755 971 1812 posset
1008 1754 1137 1799 inter
1168 1753 1376 1800 ridicula
1406 1756 1667 1801 numerari.
1708 1756 1858 1801 etiam

184 1825 326 1882 illud,
374 1825 504 1886 quod
554 1825 719 1872 Cicero
779 1825 1044 1872 Caerelliae
1099 1828 1296 1887 scripsit
1345 1827 1550 1874 reddens
1599 1828 1856 1888 rationem,

183 1914 268 1945 cur
298 1899 387 1945 illa
422 1898 470 1946 C.
506 1898 726 1946 Caesaris
758 1903 983 1960 tempora
1013 1902 1114 1946 tam
1148 1902 1393 1961 patienter
1423 1900 1677 1948 toleraret:
1719 1897 1856 1948 ‘haec

185 1975 271 2018 aut
312 1972 474 2019 animo
518 1971 716 2020 Catonis
757 1973 954 2020 ferenda
996 1977 1107 2020 sunt
1149 1976 1234 2020 aut
1276 1973 1521 2021 Ciceronis
1562 1971 1854 2033 stomacho'3

184 2045 462 2094 stomachus
503 2048 632 2092 enim
671 2046 755 2093 ille
794 2047 943 2093 habet
983 2047 1171 2107 aliquid
1210 2048 1316 2094 ioco
1343 2048 1515 2094 simile.
1555 2048 1688 2108 haec,
1728 2064 1856 2109 quae

182 2119 463 2179 monebam,
525 2120 879 2167 dissimulanda
932 2120 1054 2167 mihi
1122 2137 1219 2169 non
1280 2122 1503 2168 fuerunt:
1564 2123 1618 2169 in
1678 2121 1855 2183 quibus

182 2196 236 2240 ut
291 2195 576 2254 erraverim,
644 2193 852 2256 legentis
907 2197 1072 2240 tamen
1145 2211 1242 2242 non
1295 2194 1482 2256 decepi,
1536 2195 1755 2243 indicata
1809 2199 1857 2243 et

299 2408 1192 2462 4012‚35—5adAt-tic.8‚7‚2
1235 2435 1287 2440 —
1344 2413 1575 2462 84,2,3
1618 2436 1675 2441 —
1720 2410 1855 2452 231n

181 2479 250 2519 ep.
287 2465 526 2520 deperdita
557 2467 599 2508 fr
630 2466 678 2508 E.
712 2466 815 2508 xm
851 2472 871 2508 1
905 2467 964 2511 M.

302 2632 324 2669 7
356 2629 510 2685 vocat]
541 2631 732 2671 vocatur
764 2629 988 2684 Spaldzny
1109 2633 1133 2670 8
1166 2629 1252 2686 ita]
1285 2629 1334 2671 in
1360 2627 1605 2672 Catilinam
1631 2629 1856 2686 Spaldiny

229 2686 348 2728 dixit
380 2687 573 2742 Remus:
606 2687 774 2730 dixerit
896 2692 948 2729 13
981 2687 1159 2730 urbana
1191 2702 1244 2730 ex
1278 2688 1394 2730 serio
1433 2695 1479 2731 ῐι
1513 2688 1625 2730 urbe
1658 2702 1711 2731 ex
1737 2688 1854 2730 serio

183 2752 318 2787 PGH
343 2745 522 2787 urbana
554 2760 650 2788 esse
684 2748 733 2789 in
765 2760 842 2790 'ras
873 2754 909 2787 A
1046 2752 1100 2788 14
1133 2760 1187 2789 ex
1218 2747 1311 2789 add
1342 2747 1566 2803 Spalding
1699 2753 1752 2790 15
1786 2747 1855 2789 di-

182 2806 348 2846 cuntur
380 2812 550 2846 PVGJ!
573 2807 578 2859 1
605 2808 659 2848 ut
689 2805 782 2848 add
814 2806 988 2861 Reyms
1115 2810 1167 2848 21
1201 2819 1293 2848 non
1323 2814 1384 2848 A:
1416 2819 1524 2848 nam
1552 2813 1640 2848 GM
1659 2805 1754 2848 iam
1779 2813 1862 2848 Ρῐ

303 2867 356 2904 ’27
390 2863 633 2906 monebam
667 2864 832 2907 Halm:
862 2863 1114 2907 movebant

1881 891 1924 922 10

1882 1258 1923 1289 15
1999 1285 2001 1294 ,

1881 1625 1924 1656 20

1880 1992 1921 2024 25
