2012 3151
183 75 290 126 356
688 74 1062 126 QV‘INTILIANI
1090 75 1240 118 INS'R
1275 75 1366 120 ΟΕ.

183 215 481 274 corruptum,
521 213 779 260 obscurum
818 212 915 262 sit?
953 215 1196 261 referatur
1233 217 1428 275 oportet
1459 215 1521 262 ad
1552 229 1736 277 sensus,
1770 218 1854 278 qui

182 302 281 333 non
320 286 570 334 docentur.

123 361 154 405 3
296 360 399 406 Nec
445 360 656 406 multum
704 375 733 406 a
770 360 952 407 iudicio
1003 361 1143 409 credo
1195 361 1378 409 distare
1433 362 1706 422 consilium,
1759 363 1855 410 nisi

183 433 313 494 quod
329 432 453 479 illud
477 433 845 480 ostendentibus
869 429 989 495 (se)
1006 433 1148 482 rebus
1175 434 1447 496 adhibetur,
1469 435 1562 483 hoc
1585 436 1854 484 latentibus

184 507 233 552 et
272 508 360 552 aut
398 507 596 552 omnino
635 506 854 553 nondum
898 508 1105 568 repertis
1153 509 1240 554 aut
1286 508 1460 555 dubiis.
1516 511 1566 555 et
1617 509 1853 556 iudicium

180 580 574 639 frequentissime
616 582 802 627 certum
843 583 928 640 est,
970 581 1228 628 consilium
1265 596 1379 628 vero
1426 583 1554 629 ratio
1595 584 1668 629 est
1708 597 1853 643 quae-

183 652 296 698 dam
336 652 435 699 alte
473 654 632 713 petita
671 655 720 699 et
758 653 1044 714 plerumque
1090 655 1235 715 plura
1280 655 1583 715 perpendens
1631 656 1680 702 et
1726 671 1852 703 com-

182 741 362 786 parans
403 726 682 787 habensque
728 727 780 772 in
828 742 876 774 se
925 730 973 774 et
1017 728 1350 775 inventionem
1397 730 1446 775 et
1491 728 1852 776 iudicationem.

123 799 153 844 4
186 798 270 845 sed
307 814 368 846 ne
407 798 466 846 de
504 799 595 846 hoc
635 800 832 861 quidem
863 804 1126 862 praecepta
1159 803 1210 847 in
1241 803 1523 849 universum
1555 802 1855 862 expectanda

183 874 310 919 sunt.
350 887 466 918 nam
506 889 562 919 ex
601 889 652 920 re
692 875 916 934 sumitur,
968 876 1104 922 cuius
1151 875 1284 923 locus
1332 878 1444 922 ante
1494 876 1734 922 actionem
1782 878 1856 924 est

181 946 462 1006 frequenter
502 940 640 1011 (nam
674 946 839 994 Cicero
879 963 1066 996 summo
1108 949 1311 995 consilio
1343 949 1538 996 videtur
1569 949 1620 996 in
1650 948 1855 996 Verrem

182 1019 260 1065 vel
300 1019 584 1066 contrahere
634 1022 859 1080 tempora
912 1021 1104 1068 dicendi
1153 1023 1387 1069 maluisse
1438 1038 1585 1083 quam
1637 1024 1689 1070 in
1744 1038 1856 1069 eum

184 1109 379 1151 annum,
427 1109 523 1154 quo
564 1096 671 1140 erat
711 1093 762 1149 Q.
804 1094 1094 1143 Hortensius
1135 1096 1303 1143 consul
1342 1097 1558 1155 futurus,
1604 1089 1856 1160 incidere),

124 1168 152 1211 5
186 1168 235 1213 et
273 1166 324 1213 in
369 1167 489 1226 ipsis
537 1168 811 1214 actionibus
861 1170 1075 1228 primum
1122 1184 1177 1215 ac
1224 1170 1619 1230 potentissimum
1667 1169 1857 1217 obtinet

182 1240 365 1300 locum,
406 1256 520 1286 nam
554 1241 672 1301 quid
704 1241 975 1301 dicendum,
1016 1242 1136 1303 quid
1167 1243 1443 1302 tacendum,
1484 1243 1602 1303 quid
1634 1242 1854 1289 differen-

184 1313 300 1360 dum
339 1314 418 1372 sit,
459 1315 649 1377 exigere
689 1316 882 1362 consilii
922 1318 1017 1363 est:
1064 1331 1244 1378 negare
1285 1318 1350 1362 sit
1388 1317 1543 1363 satius
1584 1332 1647 1363 an
1693 1315 1856 1363 defen-

184 1386 318 1446 dere,
365 1387 450 1433 ubi
495 1390 748 1448 prooemio
796 1389 1032 1436 utendum
1089 1392 1136 1436 et
1187 1390 1337 1450 quali,
1392 1389 1755 1436 narrandumne
1810 1391 1859 1436 et

185 1476 280 1520 quo
321 1461 479 1520 modo,
518 1462 623 1508 iure
662 1463 798 1523 prius
838 1463 1157 1525 pugnandum
1197 1478 1259 1510 an
1299 1479 1471 1523 aequ0,
1511 1465 1597 1523 qui
1635 1464 1701 1511 sit
1739 1463 1858 1510 ordo

182 1534 492 1594 utilissimus,
532 1537 640 1581 tum
673 1551 836 1582 omnes
871 1537 1070 1596 colores,
1110 1552 1277 1597 aspere
1311 1553 1372 1583 an
1405 1537 1581 1584 leniter
1613 1552 1675 1583 an
1708 1537 1859 1584 etiam

125 1609 153 1652 6
187 1607 440 1655 summisse
480 1609 618 1669 loqui
666 1609 904 1670 expediat.
958 1610 1041 1657 sed
1094 1610 1215 1657 haec
1270 1626 1479 1671 quoque,
1541 1612 1596 1656 ut
1651 1609 1858 1671 quisque

183 1696 357 1742 passus
398 1684 471 1729 est
509 1683 659 1742 locus,
706 1685 983 1731 monuimus
1022 1684 1249 1744 idemque
1288 1684 1338 1730 in
1378 1685 1570 1745 reliqua
1608 1686 1747 1744 parte
1787 1683 1859 1730 fa-

185 1756 380 1814 ciemus,
413 1771 571 1816 pauca
609 1759 775 1803 tamen
816 1757 1024 1818 exempli
1065 1759 1228 1821 gratia
1259 1774 1454 1818 ponam,
1495 1757 1671 1819 quibus
1703 1759 1858 1804 mani-

183 1828 357 1876 festius
399 1833 649 1890 appareat,
690 1830 808 1890 quid
856 1832 935 1890 sit,
983 1831 1113 1891 quod
1161 1831 1485 1878 demonstrari
1531 1846 1671 1892 posse
1718 1847 1858 1892 prae-

129 1903 151 1946 7
188 1904 341 1963 ceptis
374 1918 469 1950 non
504 1903 727 1951 arbitror.
769 1904 1001 1951 laudatur
1033 1905 1290 1952 consilium
1314 1905 1672 1965 Demosthenis,
1714 1904 1859 1965 quod,

185 1991 297 2022 011111
346 1976 573 2024 suaderet
626 1977 810 2024 bellum
860 1978 1242 2026 Atheniensibus
1295 1994 1471 2040 parum
1523 1979 1575 2025 id
1628 1993 1859 2039 prospere

184 2050 410 2110 expertis,
449 2051 574 2097 nihil
606 2051 764 2098 adhuc
802 2051 987 2098 factum
1021 2068 1122 2100 esse
1153 2053 1345 2099 ratione
1377 2054 1633 2113 monstrat,
1665 2053 1860 2112 poterat

186 2122 315 2168 enim
377 2124 625 2171 emendari
681 2125 1010 2188 neglegentia:
1080 2129 1131 2172 at
1182 2127 1221 2172 si
1277 2126 1402 2172 nihil
1453 2129 1580 2173 esset
1629 2127 1859 2184 erratum,

126 2196 154 2240 8
187 2197 401 2244 melioris
441 2197 492 2243 in
530 2201 782 2259 posterum
822 2199 923 2259 spei
962 2216 1058 2247 non
1092 2202 1197 2246 erat
1227 2201 1368 2247 ratio.
1409 2199 1537 2247 idem
1570 2215 1680 2247 cum
1711 2199 1858 2246 offen·

185 2284 290 2316 sam
330 2274 590 2330 vereretur,
630 2273 671 2319 si
711 2273 996 2334 obiurgaret
1026 2273 1197 2334 populi
1223 2273 1484 2336 segnitiam
1509 2273 1559 2319 in
1592 2271 1860 2319 adserenda

185 2343 411 2391 libertate
450 2347 522 2392 rei
561 2346 801 2405 publicae,
841 2349 1081 2394 maiorum
1120 2347 1264 2394 laude
1303 2349 1379 2394 uti
1408 2347 1601 2405 maluit,
1641 2347 1726 2407 qui
1756 2361 1859 2392 rem

187 2417 433 2477 publicam
473 2419 738 2467 fortissime
771 2420 1219 2481 administrassent,
1258 2436 1371 2467 nam
1405 2423 1454 2467 et
1486 2421 1654 2467 faciles
1685 2419 1861 2466 habuit

305 2595 361 2632 24
393 2589 510 2632 Phil.
544 2590 565 2633 1
599 2595 622 2642 ξ
658 2595 681 2633 2

308 2758 328 2794 1
357 2753 693 2808 obscurumque
712 2761 756 2795 P
872 2758 898 2795 4
932 2766 978 2795 se
1004 2753 1096 2795 add
1129 2752 1263 2795 Valla
1386 2757 1409 2794 9
1443 2752 1499 2794 de
1524 2752 1630 2809 hoc]
1655 2751 1768 2794 haec
1786 2759 1869 2794 ΡΥ

308 2816 362 2854 14
392 2811 441 2853 111
473 2812 566 2854 add
597 2830 629 2853 a
752 2817 804 2854 15
839 2811 1145 2854 differendum
1169 2812 1250 2854 cod
1278 2811 1535 2855 Gothanufs:
1567 2809 1861 2853 diffitendum

189 2878 232 2912 Ρ
261 2869 566 2913 diffidendum
598 2879 766 2913 AGI’M
884 2875 937 2913 16
971 2870 1116 2912 satius
1150 2877 1244 2912 PV:
1280 2870 1392 2912 satis
1425 2877 1557 2912 ΛΕΜ
