2007 3120
197 58 265 110 88
695 59 1068 112 QVINTILIANI
1097 61 1249 105 INST.
1283 60 1375 104 ΟΒ.

194 197 339 244 dubio
380 201 486 245 erat
525 200 727 259 optima,
767 198 851 246 sed
889 201 1068 247 nostris
1107 200 1407 260 temporibus
1433 200 1595 247 aliena
1620 203 1706 261 est,
1747 216 1859 249 con-

191 273 331 329 tenti,
371 272 502 332 quod
541 275 614 319 est
652 274 931 332 pessimum,
980 273 1162 320 similes
1203 272 1296 319 sibi
1336 273 1525 336 magnis
1565 275 1685 321 viris
1724 275 1859 321 vide-

103 349 164 393 22
190 343 384 390 buntur.
425 345 648 403 alterum,
687 344 818 405 quod
855 346 968 393 huic
1001 346 1244 392 diversum
1270 349 1355 405 est,
1395 363 1453 393 ne
1478 347 1685 394 recentis
1710 346 1858 395 huius

189 416 420 464 lasciviae
466 418 681 464 flosculis
728 420 861 478 capti
914 419 1168 479 voluptate
1221 435 1374 480 prava
1429 419 1748 478 deleniantur,
1802 423 1859 467 ut

190 490 450 550 praedulce
487 491 611 537 illud
650 507 800 553 genus
850 493 898 538 et
943 491 1212 552 puerilibus
1258 492 1468 554 ingeniis
1516 494 1606 539 hoc
1654 495 1856 556 gratius,
1906 510 1925 541 5

192 578 289 623 quo
330 565 530 624 propius
570 566 656 624 est,
706 565 947 611 adament.
1001 564 1153 613 firmis
1208 568 1371 612 autem
1421 566 1617 612 iudiciis
1662 568 1858 627 iamque

102 642 163 685 23
192 638 329 683 extra
367 637 638 697 periculum
685 639 859 698 positis
906 639 1142 686 suaserim
1196 640 1245 685 et
1291 640 1518 700 antiquos
1571 639 1730 702 legere
1777 634 1859 705 (ex

191 710 366 770 quibus
406 712 448 756 si
487 709 775 757 adsumatur
814 711 970 758 solida
1010 727 1065 758 ac
1111 712 1268 759 virilis
1313 713 1499 774 ingenii
1545 714 1619 759 vis
1667 711 1858 760 deterso

187 783 324 830 rudis
363 784 546 830 saeculi
584 785 824 845 squalore,
865 787 971 831 tum
1009 787 1175 832 noster
1213 785 1291 831 hic
1331 786 1490 833 cultus
1538 785 1716 833 clarius
1758 787 1858 832 eni-

100 860 162 904 24
187 849 365 920 tescet)
406 859 455 903 et
491 872 658 915 novos,
699 857 873 918 quibus
914 860 962 904 et
991 859 1111 919 ipsis
1136 858 1293 905 multa
1316 860 1472 906 virtus
1499 859 1656 906 adest:
1696 874 1854 919 neque
1881 875 1922 906 ιο

188 931 319 975 enim
357 944 444 976 nos
483 929 734 977 tarditatis
774 934 954 978 natura
992 931 1257 978 damnavit.
1299 931 1383 979 sed
1422 932 1614 979 dicendi
1644 933 1856 978 mutavi-

186 1017 293 1049 mus
333 1008 486 1064 genus
527 1008 575 1050 et
612 1004 744 1050 ultra
783 1004 922 1051 nobis
962 1020 1110 1065 quam
1151 1005 1409 1065 oportebat
1431 1005 1745 1052 indulsimus:
1784 1007 1858 1052 ita

186 1092 284 1122 non
336 1079 440 1122 tam
493 1078 690 1138 ingenio
745 1077 822 1123 illi
882 1093 970 1124 nos
1025 1081 1317 1139 superarunt
1380 1095 1528 1139 quam
1587 1081 1855 1139 proposito.

186 1149 343 1195 multa
383 1165 497 1212 ergo
537 1150 706 1197 licebit
746 1151 939 1213 eligere,
980 1151 1061 1198 sed
1104 1151 1372 1198 curandum
1405 1154 1510 1210 erit,
1550 1168 1609 1199 ne
1634 1153 1708 1212 iis,
1750 1154 1855 1213 qui-

100 1226 160 1271 25
186 1221 274 1269 bus
314 1224 556 1283 permixta
594 1226 724 1282 sunt,
762 1226 1094 1284 inquinentur.
1137 1225 1373 1285 quosdam
1397 1241 1512 1272 vero
1539 1227 1701 1284 etiam,
1734 1240 1855 1286 quos
1883 1241 1923 1272 15

185 1298 316 1343 totos
354 1297 540 1343 imitari
581 1300 820 1357 oporteat,
861 1302 908 1345 et
947 1298 1095 1345 fuisse
1128 1315 1283 1359 nuper
1309 1301 1356 1344 et
1381 1313 1508 1345 nunc
1534 1314 1650 1358 esse,
1685 1299 1858 1358 quidni

185 1369 394 1416 libenter
433 1386 528 1416 non
562 1373 877 1418 concesserim
916 1371 1074 1430 modo,
1115 1388 1283 1419 verum
1316 1373 1466 1419 etiam
1491 1369 1858 1419 contenderim?

99 1447 160 1491 26
186 1442 268 1489 sed
308 1442 359 1488 hi
400 1443 483 1503 qui
523 1445 621 1490 sint
667 1460 765 1490 non
804 1447 1150 1505 cuiuscumque
1198 1451 1270 1492 est
1321 1446 1654 1506 pronuntiare.
1701 1447 1856 1492 tutius

186 1517 314 1562 circa
363 1518 550 1576 priores
598 1518 675 1564 vel
718 1522 921 1577 erratur,
971 1518 1177 1579 ideoque
1228 1519 1353 1565 hanc
1403 1534 1638 1565 novorum
1685 1518 1858 1565 distuli

184 1589 457 1650 lectionem,
497 1606 557 1636 ne
597 1590 810 1638 imitatio
843 1592 1080 1638 iudicium
1121 1591 1442 1639 antecederet.
1885 1608 1926 1639 20

505 1715 602 1772 [DE
635 1715 939 1759 DIVISIONE
971 1716 1047 1759 ET
1078 1715 1550 1773 PARENCHIRESJJ

128 1819 151 1861 1
298 1809 381 1856 VI.
422 1811 538 1857 Fuit
569 1813 719 1858 etiam
750 1813 801 1858 iu
841 1812 932 1858 hoc
971 1811 1217 1859 diversum
1248 1814 1654 1874 praecipientium
1682 1828 1858 1873 propo-

183 1884 347 1943 situm,
388 1884 518 1944 quod
558 1901 727 1932 eorum
766 1885 968 1946 quidam
1014 1886 1260 1945 materias,
1311 1902 1432 1946 quas
1485 1886 1739 1947 discipulis
1795 1885 1858 1932 ad

184 1956 442 2004 dicendum
494 1958 690 2017 dabant,
740 1975 838 2006 non
889 1961 1106 2006 contenti
1154 1959 1397 2007 divisione
1439 1959 1657 2022 derigere
1706 1960 1855 2006 latius

183 2030 384 2077 dicendo
424 2031 863 2092 prosequebantur,
915 2048 1003 2079 nec
1050 2033 1208 2080 solum
1259 2032 1634 2094 probationibus
1684 2033 1854 2093 imple·
1881 2048 1923 2079 25

130 2111 157 2153 2
183 2103 315 2163 bant,
355 2104 439 2151 sed
480 2106 626 2151 etiam
669 2105 934 2152 affectibus.
976 2106 1078 2165 alii,
1118 2122 1227 2153 cum
1275 2108 1461 2166 primas
1510 2106 1653 2153 modo
1701 2106 1856 2153 lineas

182 2176 445 2235 duxissent,
484 2180 597 2238 post
621 2178 1013 2237 declamationes,
1055 2179 1172 2240 quid
1199 2180 1443 2226 omisisset
1469 2180 1690 2240 quisque,
1730 2182 1855 2226 trac-

181 2250 369 2311 tabant,
411 2251 645 2311 quosdam
685 2268 798 2299 vero
837 2253 969 2300 locos
1008 2268 1105 2299 non
1145 2254 1332 2300 minore
1373 2268 1512 2312 cura,
1560 2268 1708 2314 quam
1747 2268 1856 2299 cum

184 2323 243 2369 ad
299 2323 556 2371 dicendum
604 2326 701 2386 ipsi
751 2328 1019 2388 surgerent,
1073 2326 1370 2373 excolebant.
1423 2326 1545 2372 utile
1593 2328 1855 2387 utrumque

184 2404 231 2443 et
269 2397 377 2444 ideo
417 2401 646 2445 neutrum
686 2399 746 2445 ab
788 2400 943 2446 altero
983 2415 1177 2460 separo:
1232 2399 1315 2447 sed
1363 2401 1406 2446 si
1454 2400 1614 2446 facere
1660 2402 1856 2446 tantum
1880 2415 1922 2446 30

185 2470 392 2517 alterum
442 2487 633 2519 necesse
685 2474 761 2531 sit,
826 2473 936 2534 plus
990 2473 1209 2533 proderit
1264 2473 1622 2520 demonstrasse
1671 2475 1853 2519 rectam

125 2550 154 2594 3
183 2545 406 2604 protinus
446 2545 578 2592 viam
619 2561 766 2606 quam
804 2561 1032 2593 revocare
1074 2546 1132 2593 ab
1174 2562 1332 2593 errore
1372 2546 1470 2592 iam
1519 2546 1709 2607 lapsos:
1758 2546 1855 2606 pri-

188 2634 333 2676 mum,
374 2618 489 2678 quia
530 2618 919 2666 emendationem
960 2619 1157 2666 auribus
1181 2619 1325 2666 modo
1351 2619 1615 2680 accipiunt,
1655 2618 1854 2667 divisio-

312 2791 362 2828 11
397 2786 478 2829 sed
509 2801 578 2830 om
610 2795 654 2829 B
715 2792 767 2830 18
801 2788 1022 2843 cuiusque
1039 2787 1182 2830 PBn²
1245 2792 1296 2830 19
1329 2789 1447 2831 hanc
1472 2802 1542 2831 om
1567 2796 1606 2829 T
1670 2792 1725 2831 24
1749 2787 1853 2830 diri-

193 2858 299 2899 gere
325 2852 467 2888 ABP:
493 2860 593 2889 corr
619 2847 808 2890 Vollmer
869 2851 923 2890 25
955 2847 1350 2903 persequebantur
1382 2855 1426 2889 P
1484 2851 1538 2890 '28
1571 2860 1675 2889 cum
1706 2860 1776 2891 om
1800 2846 1860 2888 ΑΙ
