2055 3130
806 59 858 103 V.
893 65 962 113 14,
996 65 1154 103 6—15.
1711 63 1814 114 301

135 194 421 265 gumentis)‚
461 203 509 247 et
548 201 834 261 plerumque
874 214 1065 246 summa
1105 200 1439 260 complexione
1479 201 1558 247 vel
1589 218 1678 261 per
1703 218 1819 248 enu-

134 275 458 321 merationem
497 275 576 320 vel
614 289 702 334 per
741 273 940 319 brevem
980 273 1341 320 conclusionem
1379 276 1653 334 testantur,
1700 275 1820 335 quid

136 348 397 395 effecerint.
438 349 489 394 in
520 348 613 393 hoc
652 362 828 409 genere
867 347 1142 407 propositio
1177 346 1327 394 dubia
1360 351 1447 407 est,
1489 347 1546 393 de
1572 348 1664 394 hac
1690 350 1820 394 enim

137 421 405 481 quaeritur.
461 422 619 468 altera
667 423 740 468 est
780 420 1051 480 complexio
1103 436 1202 466 11011
1255 437 1348 481 par
1401 422 1681 480 intentioni,
1737 422 1821 469 sed
1847 423 1907 466 12

88 511 108 544 5
133 496 235 542 vim
266 495 448 541 habens
480 511 670 554 parem:
714 490 861 540 emors
901 493 1026 540 nihil
1065 494 1127 540 ad
1152 509 1255 554 nos,
1294 510 1410 541 nam
1451 495 1580 555 quod
1620 499 1692 542 est
1725 496 1820 542 dis-

135 568 365 627 solutum,
408 584 552 615 sensu
592 570 744 627 caret,
794 568 925 628 quod
974 570 1140 614 autem
1181 583 1324 615 sensu
1375 571 1529 629 caret,
1584 569 1709 615 nihil
1759 569 1821 616 ad

140 638 262 689 nos'.
332 641 382 688 in
451 643 548 689 alio
620 657 794 704 genere
849 657 947 688 non
1003 642 1171 688 eadem
1225 643 1500 703 propositio
1564 647 1635 689 est
1695 658 1819 704 quae

134 716 357 763 conexio:
427 712 611 762 ‘omnia
666 715 901 762 animalia
956 715 1160 762 meliora
1218 720 1332 763 sunt
1381 733 1527 777 quam
1583 718 1819 776 inanima,

132 789 258 835 nihil
299 792 464 836 autem
503 790 678 836 melius
713 792 786 837 est
817 789 1015 848 mundo,
1054 789 1265 836 mundus
1297 790 1453 853 igitur
1479 787 1698 837 animal'.
1739 791 1821 837 hie

67 881 109 912 ιο
133 865 298 924 potest
336 863 493 910 videri
545 863 708 911 deesse
764 863 996 924 intentio,
1058 865 1224 924 potuit
1280 865 1406 911 enim
1461 866 1530 912 sic
1585 865 1821 912 constitui

132 936 470 984 ratiocinatio:
520 933 724 984 eanimal
773 940 845 983 est
899 937 1125 997 mundus,
1182 939 1345 984 omnia
1398 939 1527 985 enim
1582 939 1821 985 animalia

132 1011 338 1058 meliora
385 1014 499 1058 sunt
550 1027 696 1072 quam
744 1007 984 1057 inanima'
1044 1014 1092 1057 et
1147 1015 1323 1058 cetera.
1373 1013 1494 1059 haec
1543 1012 1816 1073 propositio
1846 1013 1908 1057 13

133 1087 221 1131 aut
261 1085 481 1132 confessa
521 1089 592 1132 est
632 1088 691 1132 ut
728 1087 968 1146 proxima,
1010 1088 1096 1132 aut
1135 1085 1403 1146 probanda,
1444 1089 1521 1132 ut:
1566 1082 1674 1148 ((1111
1704 1086 1818 1132 bea-

132 1160 236 1205 tam
276 1161 432 1205 vitam
470 1160 636 1206 vivere
676 1160 824 1221 volet,
863 1160 1240 1220 philosophetur
1279 1156 1509 1220 oportet',
1549 1176 1648 1207 11011
1689 1162 1820 1207 0111111

66 1249 107 1281 15
134 1233 437 1293 conceditur3
479 1236 640 1280 cetera
680 1235 820 1294 sequi
858 1233 955 1280 nisi
995 1233 1283 1280 confirmata
1330 1237 1493 1295 prima
1540 1238 1681 1295 parte
1721 1251 1820 1281 non

131 1310 351 1367 possunt.
392 1309 513 1354 item
553 1307 834 1368 adsumptio
873 1308 1074 1354 interim
1116 1309 1335 1355 confessa
1389 1314 1476 1367 est,
1527 1311 1582 1355 ut
1633 1305 1818 1356 (01111103

134 1384 300 1427 autem
339 1381 514 1428 volunt
552 1381 752 1428 beatam
790 1384 947 1428 vitam
986 1379 1188 1441 vivere',
1228 1384 1427 1429 interim
1468 1382 1723 1444 probanda
1763 1385 1821 1429 ut

132 1456 220 1501 illa
262 1451 414 1516 equod
454 1459 526 1502 est
566 1455 874 1515 dissolutum,
926 1471 1071 1503 sensu
1111 1452 1280 1515 caret',
1329 1472 1453 1515 cum,
1505 1457 1667 1504 soluta
1715 1472 1820 1504 cor-

132 1544 249 1589 pore
292 1531 456 1576 anima
498 1546 561 1576 an
601 1532 667 1576 sit
703 1530 999 1577 immortalis
1038 1531 1118 1577 vel
1158 1530 1219 1576 ad
1258 1534 1453 1591 tempus
1495 1526 1676 1595 [certa]
1717 1547 1819 1577 ma-

66 1621 109 1652 20
133 1606 264 1663 neat,
304 1605 369 1650 sit
408 1604 459 1649 in
493 1604 654 1651 dubio.
698 1604 828 1664 quod
869 1604 1263 1666 adsumptionem
1305 1605 1408 1667 3111,
1448 1605 1692 1652 rationem
1732 1606 1821 1651 alii

133 1680 326 1724 vocant.

243 1751 559 1812 Epichirema
592 1754 757 1798 autem
789 1753 924 1798 nullo
953 1752 1118 1799 differt
1149 1768 1177 1799 a
1211 1753 1526 1816 syllogismis,
1560 1754 1657 1801 nisi
1689 1753 1818 1814 quod
1846 1752 1908 1797 14

131 1826 211 1871 illi
243 1828 291 1871 et
323 1826 489 1887 plures
520 1826 704 1872 habent
737 1828 920 1886 species
956 1829 1004 1874 et
1035 1843 1151 1873 vera
1185 1827 1427 1889 colligunt-
1458 1829 1602 1887 veris,
1636 1827 1819 1888 epichi-

131 1901 335 1947 rematis
374 1900 678 1960 frequentior
718 1902 847 1947 circa
887 1901 1143 1947 credibilia
1184 1903 1258 1948 est
1296 1918 1427 1948 usus.
1468 1917 1584 1947 nam
1624 1903 1666 1948 si
1706 1917 1818 1948 con-

66 1991 107 2022 05
131 1975 349 2036 tingeret
389 1990 579 2035 semper
619 1977 931 2021 controversa
973 1975 1206 2022 confessis
1238 1975 1462 2036 probare,
1501 1976 1584 2022 vix
1610 1978 1736 2022 esset
1766 1977 1819 2021 in

131 2048 225 2095 hoc
265 2064 440 2110 genere
480 2064 596 2095 usus
639 2051 862 2095 oratoris.
911 2065 1027 2095 nam
1068 2066 1163 2110 quo
1211 2050 1408 2112 ingenio
1459 2052 1532 2096 est
1580 2065 1715 2110 opus,
1762 2052 1820 2096 ut
1845 2049 1907 2093 15

134 2122 290 2169 dicas:
332 2117 479 2168 (110113
521 2123 583 2168 3(1
620 2139 697 2168 1110
738 2124 1002 2183 pertinent,
1056 2124 1187 2170 solus
1229 2125 1359 2170 enim
1407 2140 1515 2171 sum
1560 2123 1689 2170 filius
1739 2124 1819 2170 de-

131 2192 327 2255 functi',
382 2197 460 2242 vel
518 2192 668 2243 esolus
718 2197 874 2256 heres,
949 2213 1060 2244 cum
1121 2198 1226 2244 iure
1281 2198 1521 2245 bonorum
1575 2200 1818 2258 possessio

133 2271 307 2317 testati
346 2270 614 2317 secundum
653 2271 848 2318 tabulas
887 2273 1176 2319 testamenti
1216 2272 1381 2332 detur,
1429 2272 1492 2319 ad
1538 2288 1615 2319 me
1664 2272 1821 2335 igitur

255 2460 279 2497 9
312 2457 363 2498 in
389 2455 565 2499 animal
589 2457 755 2499 desinit
766 2465 821 2509 B,
846 2458 952 2500 hinc
976 2458 1168 2501 adhibui
1192 2458 1328 2501 libros
1357 2465 1483 2499 (itin
1579 2461 1632 2499 10
1660 2457 1819 2500 deesse

137 2515 354 2571 ,Madv-iq.-
387 2516 442 2557 de
475 2530 522 2557 re
551 2518 556 2572 1
584 2516 782 2559 intentio
816 2516 1064 2573 Spaldiny:
1097 2517 1334 2559 contentio
1493 2521 1545 2558 14
1577 2516 1723 2559 vitam
1753 2517 1820 2558 vi-

136 2574 242 2615 dere
270 2575 376 2618 libri
392 2580 575 2629 praeter
604 2583 641 2616 A
766 2580 817 2617 17
852 2575 1002 2619 vivere
1028 2577 1223 2632 Reyius:
1246 2576 1403 2620 videre
1527 2581 1580 2618 18
1616 2576 1818 2618 solutum

135 2640 214 2674 AG
366 2638 419 2675 19
455 2636 579 2676 certa
612 2649 682 2677 om
724 2635 780 2678 Vt
803 2649 839 2690 p
871 2639 956 2678 410
1079 2640 1134 2678 20
1168 2635 1294 2689 quod
1324 2643 1382 2678 A:
1417 2650 1558 2690 quam
1589 2641 1672 2678 cett

137 2697 191 2734 25
218 2693 510 2735 controversa
535 2693 617 2736 P2:
646 2694 957 2737 controversia
987 2702 1107 2736 GPV
1127 2695 1461 2737 controversias
1485 2703 1523 2736 Α
1548 2721 1602 2725 -
1630 2695 1747 2737 313111
1772 2702 1823 2736 J!

256 2755 309 2793 26
343 2752 453 2808 quo]
488 2752 602 2805 quid
634 2761 718 2794 ΡΓ
832 2758 886 2796 27
921 2753 1045 2796 enim
1077 2768 1147 2797 om
1179 2762 1224 2796 P
1342 2758 1396 2796 29
1430 2754 1592 2796 testati
1625 2755 1820 2810 309133.-

135 2809 372 2852 intestatis
427 2812 535 2854 libri
576 2811 806 2867 (intestati
852 2827 1022 2856 msura
1061 2827 1161 2857 corr
1201 2814 1257 2870 P)
1303 2813 1518 2856 intestati
1565 2813 1819 2856 secundum

137 2868 449 2925 agnationem,
482 2871 646 2913 testati
680 2885 765 2914 sec.
800 2872 894 2914 tab.
933 2872 1068 2916 Gertz
