2055 3130
262 69 370 119 212
767 67 1141 119 QVINTILIANI
1169 68 1319 112 INST.
1353 68 1445 112 ΟΒ.

263 223 388 267 quae
426 222 585 267 poena
624 207 893 267 stupratori
933 209 1202 254 constituta
1242 210 1328 266 est,
1368 203 1538 254 dabit’.
1579 224 1748 254 verum
1780 208 1830 254 in
1854 208 1930 255 his

262 296 457 341 quoque
497 279 882 328 confessionibus
922 283 996 326 est
1034 281 1238 342 aliquid,
1285 297 1382 342 quo
1429 281 1488 328 de
1533 281 1736 340 invidia,
1782 297 1931 342 quam

262 353 501 414 expositio
543 353 813 400 adversarii
850 354 982 412 fecit,
1022 353 1214 400 detrahi
1252 353 1423 414 possit,
1465 369 1575 400 cum
1614 354 1764 401 etiam
1803 356 1932 402 servi

176 427 236 471 70
261 428 416 473 nostri
456 427 514 472 de
552 427 765 486 peccatis
807 426 906 473 suis
945 426 1141 474 mollius
1181 428 1458 488 loquantur.
1515 427 1756 488 quaedam
1801 427 1931 474 enim

261 501 402 559 quasi
441 495 477 559 †
508 515 606 546 non
646 502 900 546 narrantes
940 500 1303 562 mitigabimus:
1346 496 1462 548 ‘non
1501 499 1713 560 quidem,
1751 502 1808 547 ut
1847 501 1930 548 ad-

259 573 503 619 versarius
544 573 677 632 dicit,
717 573 975 619 consilium
1013 574 1137 620 furti
1175 574 1226 619 in
1264 574 1503 634 templum
1543 574 1713 620 attulit
1735 589 1823 621 nec
1847 574 1931 621 diu

261 646 482 707 captavit
521 647 623 692 eius
663 647 736 692 rei
773 649 982 706 tempus,
1021 646 1106 693 sed
1144 649 1395 694 occasione
1437 650 1486 693 et
1517 646 1739 693 absentia
1771 650 1931 694 custo-

259 719 377 765 dum
416 722 672 780 corruptus
714 722 763 766 et
800 719 1023 780 pecunia,
1065 735 1189 780 quae
1229 721 1438 766 nimium
1475 720 1527 766 in
1567 719 1742 767 animis
1775 720 1930 766 homi-

258 809 376 839 num
413 795 592 854 potest,
647 794 806 839 victus
847 794 931 840 est.
972 792 1055 840 sed
1096 793 1215 853 quid
1251 791 1435 839 refert?
1489 795 1712 854 peccavit
1758 796 1807 840 et
1852 794 1931 840 fur

260 869 354 912 est:
394 866 519 911 nihil
560 868 741 912 attinet
779 866 830 912 id
870 866 1139 925 defendere,
1179 867 1315 913 cuius
1354 882 1564 927 poenam
1602 882 1699 913 non
1737 881 1928 914 recusa-

173 939 230 982 71
259 935 400 986 mus'.
448 940 646 985 interim
689 941 832 999 quasi
871 939 1154 987 damnemus
1200 940 1317 1001 ipsi:
1375 937 1466 987 ‘vis
1512 943 1560 986 te
1608 940 1767 986 dicam
1814 940 1929 987 vino

257 1010 555 1073 impulsum?
611 1028 770 1059 errore
826 1011 1051 1074 lapsum?
1106 1017 1247 1060 nocte
1303 1011 1592 1074 deceptum?
1646 1029 1763 1060 vera
1816 1017 1930 1060 sunt

257 1087 354 1134 ista
394 1087 624 1132 fortasse:
671 1088 727 1132 tu
765 1090 931 1133 tamen
970 1087 1239 1148 ingenuum
1278 1087 1532 1147 stuprasti,
1583 1087 1717 1134 solve
1765 1086 1928 1134 decem

257 1156 429 1206 milia'.
471 1175 839 1220 nonnumquam
869 1160 1205 1220 propositione
1236 1161 1538 1220 praemuniri
1568 1163 1733 1220 potest
1764 1175 1929 1217 causa,

173 1232 230 1276 72
257 1233 430 1279 deinde
471 1233 654 1293 exponi.
711 1233 956 1280 contraria
998 1237 1110 1280 sunt
1150 1234 1312 1280 omnia
1359 1234 1515 1280 tribus
1566 1233 1695 1292 filiis,
1744 1235 1832 1293 qui
1876 1236 1928 1279 in

256 1309 464 1353 mortem
504 1307 659 1367 patris
700 1308 1037 1353 coniurarant:
1078 1309 1241 1354 sortiti
1280 1311 1421 1354 nocte
1461 1306 1642 1368 singuli
1681 1323 1770 1367 per
1801 1306 1928 1354 ordi-

256 1395 367 1426 nem
407 1395 520 1427 cum
559 1381 687 1426 ferro
729 1379 1007 1426 cubiculum
1039 1382 1289 1426 intrarunt
1320 1384 1459 1440 patre
1486 1380 1779 1427 dormiente:
1820 1395 1930 1426 cum

258 1452 474 1500 occidere
516 1469 624 1499 eum
666 1469 806 1500 nemo
846 1454 1108 1514 potuisset,
1163 1456 1374 1501 excitato
1424 1454 1586 1500 omnia
1632 1453 1927 1500 indicarunt.

172 1529 230 1572 73
257 1528 299 1573 si
337 1530 502 1573 tamen
540 1530 696 1587 pater,
736 1527 819 1587 qui
861 1527 1030 1574 divisit
1068 1527 1418 1587 patrimonium
1458 1531 1506 1574 et
1537 1542 1644 1574 reos
1676 1526 1929 1588 parricidii

256 1600 488 1658 defendit,
527 1601 595 1647 sic
635 1605 771 1662 agat:
815 1597 964 1660 ‘quod
990 1604 1160 1647 contra
1184 1601 1342 1663 legem
1375 1600 1569 1658 sufficit,
1607 1601 1928 1661 parricidium

256 1674 467 1720 obicitur
505 1673 779 1732 iuvenibus,
820 1689 1026 1734 quorum
1067 1677 1208 1735 pater
1246 1676 1371 1721 vivit
1404 1677 1552 1735 atque
1586 1675 1735 1721 etiam
1761 1674 1927 1721 liberis

255 1749 354 1794 suis
396 1747 547 1794 adest.
589 1748 809 1795 ordinem
847 1749 920 1794 rei
959 1763 1157 1794 narrare
1199 1748 1316 1808 quid
1355 1763 1547 1795 necesse
1589 1751 1675 1806 est,
1716 1763 1825 1794 cum
1866 1748 1928 1793 ad

255 1821 413 1882 legem
459 1822 584 1867 nihil
631 1820 910 1882 pertineat?
960 1822 1043 1868 sed
1091 1822 1131 1868 si
1172 1823 1522 1868 confessionem
1571 1821 1743 1881 culpae
1790 1835 1926 1867 meae

257 1895 468 1956 exigitis,
527 1910 616 1956 ego
668 1896 740 1940 fui
790 1897 932 1955 pater
983 1895 1130 1942 durus
1185 1899 1233 1941 et
1286 1896 1587 1955 patrimonii,
1643 1894 1773 1955 quod
1826 1895 1926 1941 iam

171 1968 229 2013 74
254 1969 430 2014 melius
471 1968 531 2014 ab
573 1968 646 2014 his
687 1968 1022 2015 administrari
1061 1972 1268 2029 poterat,
1315 1973 1461 2015 tenax
1501 1963 1697 2027 custos’,
1753 1967 1925 2014 deinde

255 2041 484 2089 subiciat:
520 2038 817 2088 ‘stimulatos
853 2041 911 2088 ab
937 2042 1013 2100 iis,
1053 2058 1259 2102 quorum
1292 2042 1675 2104 indulgentiores
1700 2043 1925 2102 parentes

256 2118 409 2172 erant,
449 2130 639 2175 semper
670 2119 836 2162 tamen
869 2131 978 2162 eum
1002 2115 1228 2162 habuisse
1263 2118 1496 2174 animum,
1537 2117 1620 2176 qui
1659 2116 1724 2161 sit
1749 2117 1926 2161 eventu

255 2188 533 2249 deprensus,
585 2192 642 2234 ut
682 2189 898 2236 occidere
938 2192 1128 2249 patrem
1176 2204 1271 2235 non
1323 2193 1534 2250 possent.
1589 2204 1744 2249 neque
1797 2189 1925 2235 enim

253 2264 359 2308 iure
398 2262 604 2309 iurando
645 2277 764 2322 opus
805 2263 971 2321 fuisse,
1010 2264 1051 2309 si
1091 2262 1280 2323 alioqui
1310 2262 1401 2310 hoc
1425 2262 1601 2308 mentis
1626 2262 1925 2319 habuissent,

254 2351 342 2382 nec
381 2339 524 2395 sorte,
575 2338 671 2382 nisi
719 2336 847 2395 quod
895 2351 943 2383 se
1001 2335 1207 2396 quisque
1262 2336 1407 2382 eximi
1460 2331 1706 2382 voluerit’:
1761 2337 1926 2381 omnia

253 2410 373 2455 haec
426 2409 799 2470 qualiacumque
846 2409 1196 2470 placidioribus
1245 2410 1419 2457 animis
1467 2410 1788 2469 accipientur,
1836 2408 1926 2455 illa

374 2568 398 2604 2
432 2577 521 2617 quo
555 2563 611 2606 de
647 2564 778 2606 Gertz
818 2569 858 2607 et
891 2563 1129 2607 Kiderlin:
1176 2564 1299 2617 quod
1340 2576 1394 2605 ex
1433 2571 1516 2605 ΑΡ
1551 2563 1675 2618 quod
1706 2570 1751 2605 B

256 2626 280 2663 3
314 2624 468 2677 potest
494 2625 608 2677 BP{
638 2636 739 2664 cum
773 2623 914 2666 etiam
947 2623 1063 2664 servi
1096 2637 1166 2665 om
1199 2630 1241 2664 B
1410 2627 1434 2664 5
1469 2622 1603 2677 quasi
1635 2623 1922 2664 conterentes

256 2681 391 2724 Kroll
421 2687 532 2723 recte
712 2687 762 2723 11
797 2681 982 2723 interim
1014 2689 1049 2722 A
1091 2681 1147 2724 Vt
1171 2696 1206 2736 p
1239 2686 1344 2724 426:
1385 2681 1618 2724 interdum
1649 2688 1737 2723 BP

258 2744 310 2780 14
342 2739 657 2794 propositione
697 2746 803 2782 PN:
852 2740 1194 2795 praepositione
1245 2747 1436 2790 ABan
1483 2740 1489 2795 Ι
1538 2739 1821 2794 praemuniri
1866 2747 1922 2781 A:

254 2798 521 2853 praeparari
545 2806 634 2840 ΒΡ
745 2803 797 2841 16
825 2798 1123 2841 coniurarunt
1147 2807 1183 2839 A
1212 2802 1216 2853 ξ
1245 2801 1427 2842 noctem
1450 2806 1539 2840 BP
1648 2803 1702 2840 22
1727 2798 1840 2852 quid
1864 2806 1918 2840 A:

256 2856 444 2910 quidem
474 2857 594 2899 nihil
623 2865 712 2899 ΒΡ
829 2862 884 2900 24
917 2870 1001 2913 ego
1034 2871 1103 2900 om
1135 2865 1172 2898 A
1293 2862 1347 2900 26
1380 2857 1607 2900 subicitur
1637 2863 1725 2898 BP

1955 884 1997 915 10

1954 1250 1995 1282 15

1952 1617 1995 1648 20

1951 1984 1993 2015 25

1949 2351 1992 2382 30
