2055 3130
260 57 368 110 266
748 57 1124 109 QVINTILIANI
1153 57 1302 101 INST.
1337 58 1429 102 ΟΒ.

259 198 395 255 facit,
433 197 582 244 faciet
622 199 670 243 et
709 193 937 256 furtum'3
989 213 1047 244 61
1085 199 1295 244 minore:
1344 194 1449 259 ‘qui
1487 199 1632 245 facile
1672 214 1728 246 ac
1765 199 1933 260 palam

260 272 510 329 mentitur,
550 266 835 330 peierabit’3
876 286 932 317 61
970 272 1101 331 pari:
1143 267 1249 331 ‘qui
1279 271 1339 318 ob
1371 287 1472 318 rem
1504 271 1819 318 iudicandam
1850 288 1932 334 pe-

262 344 457 390 cuniam
497 345 696 404 accepit,
738 345 786 389 et
826 343 885 389 ob
926 343 1184 391 dicendum
1222 344 1401 391 falsum
1439 345 1775 391 testimonium
1807 347 1932 392 acci-

167 421 233 464 88
258 413 396 478 piet'.
458 418 579 463 iuris
628 416 932 463 confirmatio
979 421 1051 464 est
1106 412 1232 480 [eius
1287 415 1439 478 modi]
1498 434 1553 464 ex
1602 418 1807 465 maiore:
1872 415 1933 466 ‘si

261 490 538 536 adulterum
552 489 769 536 occidere
786 490 916 549 licet,
937 494 985 536 et
998 490 1115 538 loris
1131 487 1371 550 6361161’6’;
1395 507 1452 537 ex
1472 491 1681 539 minore:
1701 487 1761 538 ‘si
1773 492 1931 538 furem
1978 508 1996 540 5

259 566 550 609 nocturnum
584 563 799 610 occidere
839 563 968 622 licet,
1009 563 1129 624 quid
1166 561 1461 611 latronem?
1516 580 1573 611 ex
1610 566 1743 626 pari:
1783 561 1930 626 ‘quae

258 651 415 696 poena
455 636 684 683 adversus
724 636 1087 683 interfectorem
1125 639 1281 698 patris
1320 639 1451 684 iusta
1491 641 1585 697 est,
1632 637 1800 684 eadem
1847 638 1931 684 ad-

258 725 427 756 versus
488 704 680 756 matris'
693 727 703 767 ς
767 726 975 770 quorum
1030 712 1248 756 omnium
1309 713 1551 757 tractatus
1601 713 1828 758 versatur
1878 713 1931 758 in

164 786 232 830 89
259 782 572 845 syllogismis.
620 783 710 829 illa
757 783 915 846 magis
963 783 1268 831 finitionibus
1317 787 1405 830 aut
1452 784 1774 845 qualitatibus
1820 801 1931 846 pro-

259 858 393 903 sunt:
435 851 495 903 ‘si
533 856 682 903 robur
721 856 1003 917 corporibus
1053 856 1231 903 bonum
1270 873 1368 904 non
1400 860 1487 919 est,
1526 859 1687 905 minus
1720 859 1929 919 sanitas,
1956 874 1998 905 ιο

259 931 300 976 51
338 929 527 975 furtum
567 930 739 989 scelus,
777 932 935 993 magis
968 930 1302 994 sacrilegium,
1343 931 1382 977 si
1424 931 1721 978 abstinentia
1758 933 1931 991 virtus,

259 1005 307 1049 et
361 1004 683 1062 continentia,
745 1004 787 1050 si
848 1003 1056 1051 mundus
1103 1004 1414 1064 providentia
1467 1006 1669 1066 regitur,
1724 1004 1931 1051 admini-

258 1076 459 1123 stranda
499 1092 574 1123 res
613 1077 832 1137 publica,
884 1078 925 1123 si
965 1077 1135 1124 domus
1177 1077 1424 1124 aedificari
1463 1080 1565 1124 sine
1604 1079 1795 1125 ratione
1834 1094 1932 1125 non

162 1152 233 1196 90
257 1152 433 1210 potest,
473 1145 509 1212 ’ἷ-
543 1151 661 1211 quid
701 1151 890 1213 agenda
930 1152 971 1198 si
1010 1152 1263 1198 navalium
1303 1167 1417 1198 cura
1458 1156 1506 1198 et
1545 1147 1825 1198 armorum.'
1876 1166 1932 1198 36

257 1223 380 1270 1111111
422 1224 617 1284 quidem
657 1224 901 1271 sufficeret
939 1225 1030 1270 hoc
1071 1240 1236 1287 genus,
1289 1224 1371 1271 sed
1411 1227 1463 1271 in
1503 1227 1684 1286 species
1725 1228 1929 1272 secatur.
1956 1241 1996 1273 15

258 1313 371 1343 nam
413 1300 461 1343 et
501 1313 556 1343 ex
596 1297 819 1358 pluribus
860 1298 921 1344 ad
961 1315 1112 1344 unum
1153 1300 1201 1344 et
1242 1314 1297 1344 61
1336 1314 1435 1345 uno
1476 1299 1534 1344 ad
1583 1299 1729 1359 plura
1778 1292 1930 1363 (unde
2037 1322 2044 1378 ι

258 1374 332 1417 est
372 1365 522 1431 ‘quod
562 1371 726 1430 semel,
781 1375 829 1417 et
869 1365 1108 1436 saepius’)
1150 1375 1198 1418 et
1238 1387 1296 1417 61
1333 1376 1473 1432 parte
1507 1371 1569 1418 ad
1599 1375 1762 1419 totum
1795 1376 1842 1419 et
1874 1388 1931 1418 ex
2038 1384 2044 1421 ἔ

259 1460 432 1506 genere
472 1444 534 1490 ad
574 1446 786 1505 speciem
826 1448 873 1491 et
921 1461 976 1491 61
1030 1460 1084 1491 eo
1141 1444 1268 1505 quod
1325 1447 1543 1492 continet
1595 1445 1657 1493 ad
1698 1445 1750 1491 id
1802 1445 1931 1506 quod
2037 1443 2043 1515 f

259 1517 551 1578 continetur,
603 1522 687 1565 aut
727 1534 783 1565 61
823 1518 1182 1565 difficilioribus
1223 1519 1285 1565 ad
1325 1519 1550 1566 faciliora
1589 1523 1637 1566 et
1684 1535 1739 1565 ex
1785 1519 1930 1582 longe
2039 1515 2043 1546 ¹

257 1591 430 1652 positis
472 1592 532 1638 ad
572 1593 805 1652 propiora
844 1595 893 1639 et
933 1592 992 1638 ad
1035 1593 1214 1651 omnia,
1267 1608 1390 1652 quae
1432 1595 1603 1639 contra
1641 1592 1761 1639 haec
1800 1594 1930 1653 sunt,
1955 1608 1997 1640 20

162 1667 228 1710 91
258 1665 425 1711 eadem
476 1666 664 1712 ratione
715 1670 1006 1727 argumenta
1063 1666 1319 1712 ducuntur.
1380 1670 1494 1713 sunt
1540 1668 1670 1712 6111111
1717 1668 1765 1712 et
1810 1666 1930 1714 11366

256 1738 443 1785 maiora
485 1742 533 1785 et
572 1741 763 1786 minora
804 1743 889 1785 aut
937 1742 1063 1786 certe
1111 1741 1210 1785 vim
1260 1739 1470 1786 similem
1518 1741 1755 1800 optinent.
1805 1755 1929 1800 quae

257 1813 298 1858 si
337 1827 705 1873 persequamur,
744 1813 907 1860 nullus
949 1813 1041 1859 erit
1081 1829 1137 1859 ea
1177 1813 1463 1860 concidendi
1501 1812 1672 1860 modus
1714 1806 1930 1878 (infinita

257 1888 329 1932 est
368 1887 498 1932 enim
536 1902 698 1933 rerum
740 1880 1065 1951 comparatio)
1123 1887 1423 1946 iucundiora,
1472 1887 1725 1950 graviora,
1771 1888 1929 1950 magis

162 1961 230 2004 9⁶3
257 1961 544 2019 necessaria,
583 1959 876 2018 honestiora,
916 1960 1132 2020 utiliora,
1173 1960 1255 2007 sed
1296 1962 1553 2008 mittamus
1585 1960 1745 2021 plura,
1784 1976 1844 2007 ne
1875 1962 1927 2006 111
1953 1976 1994 2008 25

257 2049 363 2079 eam
395 2033 567 2093 ipsam,
609 2049 759 2093 quam
790 2035 909 2092 vito,
948 2034 1300 2094 loquacitatem
1331 2034 1558 2080 incidam.
1600 2034 1930 2094 exemplorum

257 2121 450 2166 quoque
502 2107 563 2153 ad
612 2107 731 2154 11366
781 2107 1002 2154 infinitus
1067 2112 1139 2154 est
1189 2123 1442 2168 numerus,
1501 2107 1585 2155 sed
1633 2107 1929 2168 paucissima

255 2181 513 2242 attingam.
555 2196 611 2227 61
643 2183 828 2228 maiore
853 2196 940 2241 pro
984 2180 1212 2228 Caecina:
1254 2178 1402 2241 ‘quod
1443 2183 1680 2228 exercitus
1713 2184 1929 2228 armatos

255 2256 434 2311 movet,
480 2254 530 2300 id
570 2254 942 2302 advocationem
982 2271 1078 2302 non
1119 2254 1365 2302 videbitur
1403 2251 1664 2302 movisse?
1707 2270 1765 2300 61
1809 2255 1928 2300 faci-

375 2383 429 2421 28
463 2393 485 2421 e
520 2384 587 2433 15,
621 2383 676 2421 43

375 2502 399 2538 4
433 2499 503 2539 est
534 2497 670 2539 huius
702 2497 829 2540 modi
862 2505 905 2539 P
934 2500 1003 2540 est
1035 2497 1132 2540 eius
1166 2498 1291 2540 modi
1323 2505 1368 2539 B
1396 2497 1662 2540 huiusmodi
1694 2499 1764 2540 est
1794 2505 1830 2538 A

256 2560 281 2597 6
316 2570 370 2597 61
400 2556 522 2613 pari]
564 2557 758 2611 parique
790 2564 825 2597 Α
979 2562 1032 2598 14
1065 2557 1247 2612 38611113
1287 2557 1325 2598 51
1363 2563 1499 2599 ΒηΝ
1522 2556 1753 2613 386111111111
1785 2555 1823 2598 51
1854 2563 1928 2606 Bq

253 2628 367 2667 corr,
411 2622 490 2664 (ιη
523 2615 726 2672 agendas
759 2623 795 2656 Α
828 2615 880 2657 cle
911 2616 1004 2666 39¹
1037 2621 1076 2658 et
1109 2616 1169 2657 Ρ1
1207 2629 1298 2658 ozon
1337 2621 1520 2658 constat.
1561 2615 1782 2658 sententia
1820 2615 1927 2657 haec

255 2675 346 2726 scre
377 2674 678 2716 desideratur:
711 2673 748 2716 51
783 2674 944 2716 domus
978 2688 1017 2717 3.
1053 2688 1085 2717 5.
1118 2689 1152 2716 r.
1178 2689 1220 2716 n.
1255 2689 1314 2729 p.,
1340 2674 1451 2729 quid
1478 2674 1587 2717 urbs
1612 2674 1854 2716 universa?
1887 2673 1926 2715 si

255 2733 483 2788 agendast
514 2747 555 2774 n.
590 2745 712 2784 cura,
746 2735 790 2775 et
824 2746 1068 2775 armorum.
1109 2734 1207 2787 (scil
1238 2733 1485 2788 exemplum
1516 2747 1570 2776 ex
1600 2734 1770 2775 minore
1802 2738 1842 2775 et
1872 2746 1927 2775 ex

251 2792 376 2845 pare)
500 2795 552 2833 19
587 2794 668 2833 aut
699 2800 755 2832 A:
789 2795 841 2834 ut
872 2799 960 2833 BP
1092 2797 1263 2833 23—24
1291 2793 1584 2846 parenthesin
1614 2792 1809 2834 distinxi

255 2853 310 2891 ⁴29
345 2849 697 2893 advocationem
727 2852 992 2907 togatorum
1024 2851 1162 2894 edunt
1193 2865 1246 2894 ecc
1280 2851 1367 2894 Cic.
