2007 3120
143 47 248 99 104
643 44 1015 97 QVINTILIANI
1043 44 1192 88 INST.
1228 43 1319 87 OR.

137 187 242 247 ipse
284 201 380 232 non
419 184 610 245 probat,
650 184 796 231 finem
834 185 956 230 facit
1001 182 1372 244 persuadere,
1430 198 1598 228 verum
1638 182 1688 227 et
1724 196 1806 241 pe-

141 259 284 305 cunia
322 257 587 320 persuadet
626 260 674 304 et
712 258 875 319 gratia
899 260 947 303 et
979 257 1246 302 auctoritas
1272 256 1476 302 dicentis
1504 256 1552 301 et
1576 254 1807 316 dignitas,

139 335 384 393 postremo
425 334 649 391 aspectus
696 332 843 377 etiam
896 331 1000 390 ipse
1056 331 1159 376 sine
1206 343 1336 388 voce,
1386 342 1481 388 quo
1527 327 1606 375 vel
1650 342 1806 374 recor-

141 405 275 452 datio
314 405 602 451 meritorum
642 404 876 463 cuiusque
915 403 994 449 vel
1025 403 1174 449 facies
1208 402 1373 463 aliqua
1404 400 1697 447 miserabilis
1729 399 1809 447 vel

90 479 112 522 7
139 479 325 525 formae
371 477 688 538 pulchritudo
743 478 1038 523 sententiam
1092 475 1258 522 dictat.
1321 490 1436 520 nam
1488 476 1537 521 et
1587 473 1809 519 Manium

139 551 396 612 Aquilium
436 550 696 597 defendens
734 550 994 608 Antonius,
1035 564 1146 595 cum
1186 550 1333 594 scissa
1371 550 1506 595 veste
1545 547 1809 605 cicatrices,

141 640 261 685 quas
301 625 341 670 is
389 639 477 684 pro
526 623 688 683 patria
733 626 928 683 pectore
977 622 1181 668 adverso
1231 622 1536 681 suscepisset,
1583 619 1809 678 ostendit,

139 714 236 744 non
276 697 512 744 orationis
552 696 725 743 habuit
762 695 1008 755 fiduciam,
1059 694 1143 742 sed
1182 695 1335 742 oculis
1382 694 1554 755 populi
1601 693 1811 740 Romani

138 773 240 818 vim
291 771 482 817 attulit:
536 785 682 830 quem
730 769 817 816 illo
872 769 979 830 ipso
1027 772 1226 828 aspectu
1272 769 1480 814 maxime
1527 770 1715 813 motum
1758 766 1811 812 in

87 843 114 886 S
139 845 244 902 hoc,
297 846 354 890 ut
404 843 678 891 absolveret
719 859 872 901 reum,
923 842 1160 889 creditum
1201 844 1285 888 est.
1343 840 1565 887 Servium
1613 839 1812 900 quidem

142 916 349 965 Galbam
388 917 701 963 miseratione
741 917 860 975 sola,
901 931 998 976 qua
1037 931 1134 962 non
1174 930 1284 962 suos
1316 913 1460 961 modo
1491 913 1670 960 liberos
1702 928 1812 974 par-

140 992 279 1038 vulos
332 991 384 1036 in
439 991 664 1038 contione
725 989 1037 1050 produxerat,
1099 988 1180 1036 sed
1237 986 1367 1034 Galli
1422 988 1571 1034 etiam
1626 985 1815 1046 Sulpici

139 1063 298 1110 filium
337 1064 436 1110 suis
475 1066 579 1124 ipse
617 1063 843 1110 manibus
883 1062 1265 1119 circumtulerat,
1307 1062 1528 1121 elapsum
1567 1075 1669 1107 esse
1701 1075 1814 1106 cum

142 1137 351 1184 aliorum
389 1136 732 1194 monumentis,
782 1139 888 1182 tum
931 1135 1129 1183 Catonis
1177 1134 1396 1182 oratione
1442 1136 1678 1181 testatum
1725 1134 1811 1179 est.

86 1209 116 1252 9
142 1214 191 1258 et
230 1211 455 1271 Phrynen
496 1226 594 1256 non
632 1209 900 1272 Hyperidis
941 1211 1130 1256 actione
1173 1224 1469 1269 quamquam
1516 1206 1810 1263 admirabili,

143 1284 227 1331 sed
267 1287 531 1344 conspectu
571 1284 807 1344 corporis,
857 1283 986 1343 quod
1030 1283 1120 1328 illa
1168 1282 1577 1342 speciosissimum
1626 1279 1812 1340 alioqui

143 1357 342 1404 diducta
380 1357 640 1404 nudaverit
679 1359 860 1415 tunica,
898 1359 1075 1417 putant
1114 1355 1333 1416 periculo
1373 1354 1645 1401 liberatam.
1688 1368 1814 1413 quae

143 1431 184 1478 si
218 1431 380 1478 omnia
419 1431 730 1491 persuadent,
782 1446 879 1476 non
926 1433 1000 1477 est
1044 1430 1136 1487 hic,
1184 1429 1242 1475 de
1291 1444 1385 1488 quo
1432 1428 1588 1475 locuti
1633 1441 1814 1485 sumus,

56 1503 118 1546 10
142 1504 344 1552 idoneus
376 1503 500 1552 finis.
540 1504 747 1564 ideoque
780 1503 1114 1564 diligentiores
1155 1506 1268 1549 sunt
1292 1502 1387 1549 visi
1419 1501 1527 1560 sibi,
1566 1502 1666 1561 qui,
1705 1515 1814 1547 cum

144 1578 202 1624 de
248 1578 488 1624 rhetorice
533 1578 663 1624 idem
718 1577 969 1635 sentirent,
1033 1577 1375 1623 existimarunt
1421 1590 1528 1621 eam
1576 1571 1696 1620 ‘vim
1743 1572 1814 1619 di-

145 1651 294 1698 cendo
348 1646 707 1711 persuadendi'.
764 1667 907 1710 quem
962 1649 1107 1696 finem
1160 1649 1365 1712 Gorgias
1419 1649 1470 1694 in
1525 1647 1707 1705 eodem,
1758 1646 1816 1693 de

146 1741 243 1785 quo
285 1741 431 1786 supra
471 1725 696 1783 diximus,
735 1723 860 1771 libro
901 1723 1039 1771 velut
1077 1727 1272 1770 coactus
1313 1739 1342 1769 a
1383 1722 1581 1769 Socrate
1613 1722 1747 1779 facit,
1789 1736 1817 1766 a

145 1813 241 1859 quo
282 1814 380 1845 non
421 1799 647 1845 dissentit
673 1797 985 1856 Theodectes,
1025 1797 1125 1843 sive
1157 1796 1310 1857 ipsius
1344 1796 1395 1842 id
1428 1811 1549 1856 opus
1574 1797 1662 1854 est,
1687 1793 1817 1855 quod

147 1871 205 1918 de
244 1872 484 1918 rhetorice
518 1872 712 1918 nomine
745 1873 847 1918 eius
879 1871 1178 1928 inscribitur,
1218 1871 1331 1929 sive,
1372 1872 1427 1916 ut
1460 1869 1697 1916 creditum
1730 1870 1815 1926 est,

145 1945 451 1992 Aristotelis:
498 1947 550 1991 in
591 1960 685 2005 quo
726 1948 799 1991 est
836 1944 981 1991 finem
1033 1959 1134 1990 esse
1173 1944 1438 1990 rhetorices
1487 1939 1678 1989 ‘ducere
1731 1940 1815 1988 ho-

58 2016 117 2059 11
146 2018 302 2065 mines
357 2019 559 2065 dicendo
621 2018 672 2064 in
727 2018 777 2063 id
833 2017 964 2078 quod
1018 2021 1188 2064 auctor
1249 2013 1401 2063 velit’.
1461 2016 1546 2063 sed
1604 2030 1664 2061 ne
1725 2014 1817 2060 hoc

151 2092 346 2152 quidem
385 2093 504 2139 satis
546 2094 619 2138 est
659 2091 1077 2152 comprehensum:
1117 2090 1414 2151 persuadent
1453 2090 1582 2136 enim
1615 2087 1816 2135 dicendo

148 2166 228 2212 vel
268 2165 454 2212 ducunt
491 2167 542 2211 in
582 2165 633 2211 id
673 2165 801 2225 quod
842 2166 1014 2211 volunt
1055 2164 1140 2210 alii
1181 2179 1387 2224 quoque,
1433 2167 1488 2209 ut
1525 2161 1818 2217 meretrices,

149 2240 445 2298 adulatores,
492 2241 814 2300 corruptores.
865 2242 914 2285 at
963 2241 1131 2284 contra
1178 2253 1274 2284 non
1320 2236 1582 2297 persuadet
1628 2250 1818 2295 semper

149 2314 328 2372 orator,
365 2316 420 2359 ut
458 2311 654 2359 interim
694 2328 790 2358 non
831 2313 895 2358 sit
933 2311 1159 2372 proprius
1198 2311 1276 2357 hic
1314 2310 1424 2356 finis
1465 2311 1583 2368 eius,
1619 2309 1816 2355 interim

61 2383 121 2426 12
148 2388 213 2433 sit
253 2386 523 2434 communis
556 2401 668 2433 cum
698 2386 775 2444 iis,
815 2386 900 2446 qui
933 2385 992 2431 ab
1026 2387 1219 2431 oratore
1251 2383 1422 2445 procul
1447 2384 1636 2430 absunt.
1678 2383 1819 2442 atqui

146 2475 243 2506 non
283 2459 489 2506 multum
531 2459 591 2506 ab
624 2459 712 2506 hoc
752 2459 846 2504 fine
873 2459 1009 2505 abest
1033 2458 1361 2520 Apollodorus
1387 2457 1549 2503 dicens
1573 2455 1818 2502 iudicialis

267 2583 320 2656 21
353 2629 383 2669 p
418 2619 501 2656 452
534 2614 570 2656 E

268 2781 292 2819 9
324 2776 426 2831 ipso
460 2790 528 2819 om
561 2783 606 2817 B
725 2779 777 2817 16
812 2777 1004 2830 aspectu
1035 2783 1079 2817 P
1209 2778 1259 2816 17
1303 2774 1502 2817 deducta
1532 2776 1644 2830 ΑΡΙ
1673 2772 1818 2815 nuda--

149 2838 279 2878 verat
309 2842 397 2877 BP
515 2839 569 2876 26
603 2836 731 2877 actor
762 2842 845 2876 ΑΡ
873 2836 1026 2876 orator
1071 2833 1261 2890 Spenyel
1573 2864 1576 2866 v

1839 856 1880 886 10

1839 1222 1879 1254 15

1840 1589 1883 1620 20

1841 1955 1884 1987 25

1842 2323 1885 2355 30

2003 2245 2007 2256 -
1993 2112 2007 2224 -.QVA-A
2004 2075 2007 2081 .
2004 2047 2007 2053 .
