2007 3120
705 89 737 131 Ι.
790 94 859 143 11,
893 93 1050 132 8-19.
1095 93 1164 143 12,
1199 93 1236 131 1.
1746 89 1813 140 67

129 231 355 290 oculique
398 229 457 275 ab
499 230 597 275 alia
638 230 856 289 corporis
897 230 1219 276 inclinatione
1260 228 1546 276 dissideant.
1579 244 1696 274 nam
1735 245 1816 276 ne·
1843 236 1901 280 17

130 320 222 365 que
261 304 381 350 haec
421 319 523 351 esse
556 303 608 349 in
638 305 780 365 parte
813 303 1234 364 pronuntiationis
1275 304 1532 364 negaverit
1557 304 1817 362 quisquam

129 394 288 439 neque
329 379 490 439 ipsam
513 377 971 438 pronuntiationem
1004 377 1064 423 ab
1092 381 1286 423 oratore
1319 380 1559 423 secernet:
1601 380 1649 423 et
1674 378 1818 435 certe,

130 452 262 513 quod
293 452 453 498 facere
494 454 734 512 oporteat,
782 467 881 499 non
927 450 1288 514 indignandum
1336 455 1410 497 est
1463 451 1660 509 discere,
1710 466 1819 497 cum

85 544 103 575 5
129 526 421 587 praesertim
460 526 581 572 haec
621 525 1011 585 chironomia,
1065 541 1189 585 quae
1231 527 1305 571 est
1345 517 1421 589 (in
1467 526 1664 571 nomine
1710 526 1819 585 ipso

129 593 430 665 declaratur)
472 600 549 645 lex
589 602 769 662 gestus,
811 602 859 646 et
899 599 959 645 ab
1000 600 1100 646 illis
1133 599 1437 660 temporibus
1469 599 1678 646 heroicis
1712 601 1821 645 orta

131 676 196 721 sit
236 677 284 720 et
324 690 352 720 a
392 675 594 721 summis
636 672 868 720 Graeciae
909 673 1028 720 viris
1077 675 1225 734 atque
1265 675 1372 734 ipso
1415 675 1567 719 etiam
1620 672 1821 719 Socrate

130 748 354 810 probata,
388 764 416 794 a
455 748 662 794 Platone
705 763 899 808 quoque
939 749 992 793 in
1031 751 1174 808 parte
1216 748 1436 794 civilium
1475 749 1639 808 posita
1664 748 1822 794 virtu-

129 826 251 881 tum,
291 825 340 868 et
374 821 649 883 Chrysippo
698 822 750 868 in
796 823 1076 883 praeceptis
1122 821 1179 868 de
1220 821 1487 868 liberorum
1531 821 1820 868 educatione

65 914 106 945 10
132 897 416 958 compositis
457 912 557 943 non
597 897 792 943 omissa.
833 912 949 943 nam
988 895 1405 942 Lacedaemonios
1448 895 1646 957 quidem
1672 897 1823 942 etiam
1850 901 1909 945 18

132 971 448 1018 saltationem
497 970 745 1032 quandam
797 973 1056 1030 tamquam
1104 970 1168 1017 ad
1217 970 1347 1017 bella
1400 986 1593 1030 quoque
1648 970 1824 1016 utilem

130 1044 360 1092 habuisse
393 1045 522 1091 inter
548 1044 922 1092 exercitationes
963 1045 1254 1105 accepimus.
1294 1061 1453 1105 neque
1493 1044 1546 1090 id
1576 1044 1823 1091 veteribus

131 1119 366 1166 Romanis
394 1119 620 1166 dedecori
643 1119 762 1165 fuit:
804 1121 1152 1181 argumentum
1185 1121 1259 1166 est
1283 1118 1593 1166 sacerdotum
1626 1118 1822 1165 nomine

133 1209 187 1240 ac
227 1193 466 1255 religione
508 1192 689 1240 durans
730 1193 793 1240 ad
831 1193 922 1239 hoc
947 1196 1141 1254 tempus
1167 1193 1371 1240 saltatio
1413 1196 1461 1239 et
1484 1193 1574 1239 illa
1598 1193 1647 1238 in
1673 1194 1818 1239 tertio

67 1284 107 1315 15
136 1266 384 1315 Ciceronis
426 1267 483 1314 de
526 1265 734 1315 Oratore
774 1268 900 1314 libro
941 1267 1092 1314 verba
1135 1267 1313 1329 Crassi,
1355 1267 1534 1328 quibus
1567 1269 1826 1328 praecipit,

134 1344 189 1388 ut
221 1346 390 1389 orator
421 1344 593 1388 utatur
620 1338 850 1389 ‘laterum
881 1342 1204 1389 inclinatione
1244 1342 1364 1389 forti
1389 1357 1446 1388 ac
1485 1342 1619 1388 virili
1659 1357 1757 1388 non
1798 1357 1826 1387 a

133 1431 312 1462 scaena
351 1419 400 1463 et
431 1416 770 1476 histrionibus,
811 1417 894 1463 sed
929 1416 988 1462 ab
1017 1417 1165 1463 armis
1192 1419 1280 1463 aut
1306 1418 1460 1463 etiam
1487 1432 1513 1462 a
1537 1410 1824 1477 palaestra’.

134 1491 272 1537 cuius
306 1490 598 1551 disciplinae
631 1506 748 1538 usus
780 1493 833 1537 in
865 1494 1088 1538 nostram
1112 1507 1267 1552 usque
1293 1494 1510 1537 aetatem
1535 1491 1638 1537 sine
1663 1506 1826 1551 repre-

133 1565 366 1612 hensione
408 1565 670 1612 descendit.
724 1581 752 1611 a
792 1581 869 1612 me
909 1568 1076 1612 tamen
1115 1582 1204 1612 nec
1243 1566 1376 1611 ultra
1416 1565 1630 1625 pueriles
1673 1579 1826 1611 annos
1854 1574 1915 1617 19

68 1657 110 1688 20
133 1639 431 1686 retinebitur
491 1655 578 1686 nec
633 1641 687 1686 in
740 1640 817 1686 his
873 1641 995 1700 ipsis
1052 1639 1149 1686 diu.
1214 1656 1372 1700 neque
1437 1641 1567 1686 enim
1634 1643 1828 1702 gestum

136 1714 344 1761 oratoris
394 1716 622 1774 componi
679 1714 741 1760 ad
791 1713 1169 1760 similitudinem
1221 1714 1505 1761 saltationis
1563 1713 1688 1773 volo,
1744 1713 1828 1760 sed

136 1787 330 1835 subesse
372 1788 563 1848 aliquid
603 1804 660 1834 ex
698 1788 791 1834 hac
832 1789 1182 1835 exercitatione
1207 1789 1400 1849 puerili,
1440 1788 1570 1834 unde
1602 1803 1690 1834 nos
1731 1803 1828 1834 non

134 1862 186 1908 id
213 1863 405 1925 agentis
429 1862 602 1908 furtim
636 1862 779 1909 decor
811 1863 894 1909 ille
921 1862 1221 1909 discentibus
1247 1863 1462 1909 traditus
1487 1865 1827 1923 prosequatur.

137 1988 242 2045 [AN
284 1988 486 2031 PLURA
533 1988 746 2032 EODEM
793 1987 1081 2032 TEMPORE
1128 1987 1353 2032 Docssai
1400 1988 1592 2031 PRIMA
1635 1987 1828 2030 AETAS

71 2071 111 2103 25
871 2062 1112 2121 Possm]

248 2158 358 2205 XII.
416 2158 597 2214 Quaeri
660 2160 799 2220 solet,
862 2176 939 2220 an,
996 2161 1191 2208 etiamsi
1254 2159 1486 2207 discenda
1542 2161 1642 2206 sint
1694 2160 1830 2218 haec,
1859 2169 1884 2211 1

139 2233 310 2280 eodem
348 2236 568 2295 tempore
611 2236 777 2281 tamen
816 2234 948 2282 tradi
990 2235 1153 2282 omnia
1195 2237 1244 2281 et
1283 2236 1473 2295 percipi
1502 2234 1708 2295 possint.
1750 2250 1830 2280 ne-

139 2309 259 2368 gant
299 2307 431 2354 enim
470 2308 685 2369 quidam,
728 2309 844 2369 quia
884 2309 1214 2356 confundatur
1253 2310 1447 2356 animus
1488 2324 1543 2355 ac
1592 2309 1833 2371 fatigetur

137 2385 215 2428 tot
254 2382 527 2444 disciplinis
559 2382 612 2428 in
653 2382 898 2430 diversum
938 2383 1268 2443 tendentibus,
1309 2383 1372 2430 ad
1413 2399 1534 2444 quas
1573 2398 1662 2430 nec
1693 2399 1831 2430 mens

75 2472 118 2504 30
141 2472 229 2503 nec
270 2472 445 2517 corpus
485 2472 573 2504 nec
613 2457 715 2504 dies
754 2459 861 2518 ipse
903 2458 1130 2517 sufficiat,
1171 2460 1232 2518 et,
1275 2459 1316 2505 si
1354 2457 1568 2504 maxime
1608 2459 1832 2518 patiatur

140 2530 230 2578 hoc
271 2532 406 2578 aetas
446 2531 710 2592 robustior,
749 2532 964 2592 pueriles
1007 2548 1159 2580 annos
1200 2531 1393 2579 onerari
1441 2547 1538 2578 non
1588 2533 1828 2593 oporteat.

260 2675 286 2714 8
318 2672 427 2728 Leg.
461 2676 546 2715 813
580 2672 616 2714 B
650 2687 700 2727 sq
737 2699 791 2705 —-
827 2678 850 2715 9
885 2673 961 2729 frg
994 2677 1076 2716 737
1113 2700 1167 2705 —-
1204 2678 1256 2716 15
1291 2687 1314 2716 0
1341 2677 1411 2726 59,
1446 2677 1530 2716 220

262 2796 287 2834 5
319 2791 369 2833 in
392 2799 454 2834 B:
502 2793 556 2834 ut
587 2800 623 2833 Α
656 2794 709 2833 ut
739 2794 790 2834 'ct
821 2800 866 2834 P
1014 2797 1037 2834 6
1073 2794 1120 2835 et
1152 2792 1210 2835 ab
1242 2800 1348 2834 BP:
1394 2793 1535 2847 atque
1568 2799 1605 2832 Α
1728 2795 1751 2833 9
1786 2794 1833 2834 et

145 2861 172 2891 a
205 2848 463 2906 Chrysippo
495 2859 532 2892 A
672 2855 724 2894 15
758 2852 1001 2907 praecepit
1031 2859 1116 2893 AB
1259 2856 1313 2893 23
1347 2854 1656 2907 persequatur
1686 2858 1830 2893 ABP:

144 2921 244 2952 corr
276 2910 360 2953 edd
391 2915 477 2954 vett
