2055 3130
780 61 856 104 IV.
892 66 932 116 2,
968 66 1154 104 15—26.
1710 61 1817 113 203

128 203 194 249 sit
234 202 367 261 sciet,
408 201 492 249 sed
531 201 603 248 ita
641 201 830 247 factum
871 201 1042 260 etiam,
1095 209 1150 247 ut-
1190 200 1330 247 nobis
1381 200 1590 261 expedit,
1643 203 1813 261 opina-

127 275 276 322 bitur.
317 292 474 336 neque
514 276 646 321 enim
684 275 905 320 narratio
945 275 997 319 in
1036 274 1126 320 hoc
1165 276 1362 335 reperta
1404 277 1490 333 est,
1529 276 1586 320 ut
1616 276 1813 320 tantum
1841 281 1902 325 21

130 352 392 411 cognoscat
429 349 590 407 iudex,
630 347 714 394 sed
740 347 996 408 aliquanto
1029 349 1203 410 magis,
1242 351 1300 394 ut
1324 347 1611 394 consentiat.
1648 364 1814 408 quare,

128 424 280 470 etiam
319 424 362 470 si
400 438 498 470 non
538 423 631 467 erit
671 421 930 480 docendUS,
982 421 1067 468 sed
1108 421 1273 481 aliquo
1313 421 1458 468 modo
1501 420 1814 481 adficiendus,

81 513 103 544 5
128 497 438 544 narrabimus
471 511 580 542 cum
612 496 992 555 praeparatione
1026 495 1260 555 quadam:
1303 491 1446 542 ‘scire
1471 495 1670 555 quidem
1703 512 1815 542 eum

127 570 179 616 in
218 585 474 628 summam,
516 569 635 629 quid
676 570 774 615 acti
813 568 900 628 sit,
946 572 1114 616 tamen
1160 569 1404 616 rationem
1452 585 1646 630 quoque
1692 569 1814 616 facti

127 643 361 704 cuiusque
403 658 695 706 cognoscere
737 658 797 689 ne
836 639 1104 704 gravetur’.
1146 643 1346 690 interim
1369 646 1573 704 propter
1599 643 1815 703 aliquem
1841 648 1904 692 22

123 719 177 763 in
218 717 476 763 consilium
517 716 795 763 adhibitum
840 732 929 763 nos
976 720 1194 778 repetere
1246 717 1337 763 illa
1384 717 1684 775 simulemus,
1739 719 1814 764 in-

123 791 285 850 terim,
329 796 385 837 ut
430 792 515 850 rei,
572 806 697 851 quae
755 806 811 837 ex
864 790 1067 838 adverso
1123 794 1444 852 proponatur,
1494 791 1814 852 iniquitatem

57 880 101 912 ιο
126 879 292 912 01111103
356 864 508 911 etiam
562 867 938 911 circumstantes
992 865 1298 927 intellegant.
1376 867 1431 911 in
1485 881 1581 925 quo
1638 880 1814 928 genere

124 939 352 999 plurimis
400 938 570 1000 figuris
628 939 720 984 erit
772 938 1012 985 varianda
1067 939 1308 1000 expositio
1364 939 1427 985 ad
1482 939 1815 1001 effugiendum

122 1013 344 1060 taedium
382 1016 501 1059 nota
543 1012 802 1071 audientis,
854 1013 983 1060 sicut
1023 1008 1332 1060 emeministi’
1376 1016 1424 1059 et
1466 1009 1694 1060 ‘fortasse
1736 1029 1813 1060 su-

122 1102 422 1148 pervacuum
461 1086 613 1133 fuerit
650 1086 729 1134 1110
770 1082 1097 1146 commorari’,
1150 1084 1254 1134 ‘sed
1302 1087 1422 1148 quid
1469 1103 1559 1149 ego
1612 1086 1814 1146 diutius,

124 1175 236 1207 cum
272 1164 329 1208 tu
362 1162 545 1221 optime
577 1157 764 1208 noris‘?'
809 1155 992 1224 [⁶111ud,
1034 1161 1178 1222 quale
1219 1161 1298 1220 sit,
1337 1164 1394 1208 tu
1435 1157 1606 1225 scias']
1649 1165 1698 1208 et
1735 1161 1812 1208 his

56 1249 98 1281 15
124 1235 320 1282 similia.
378 1235 579 1296 alioqui,
636 1236 675 1282 si
733 1235 865 1296 apud
918 1236 1144 1295 iudicem,
1216 1237 1294 1282 cui
1348 1238 1468 1282 nota
1523 1250 1672 1283 causa
1726 1238 1812 1297 est,
1839 1239 1904 1282 23

122 1311 342 1356 narratio
392 1325 584 1370 semper
644 1309 841 1356 videtur
891 1324 1211 1370 supervacua,
1266 1312 1431 1371 potest
1492 1309 1652 1356 videri
1714 1325 1813 1356 non

123 1398 316 1444 semper
355 1399 456 1430 esse
499 1384 650 1430 etiam
688 1385 798 1444 ipsa
839 1384 968 1431 actio
1009 1386 1297 1432 necessaria.

233 1458 463 1504 Alterum
502 1462 590 1517 est,
631 1457 688 1504 de
732 1473 828 1518 quo
868 1458 1178 1519 frequentius
1212 1459 1480 1520 quaeritur,
1523 1474 1586 1504 an
1619 1459 1684 1504 sit
1715 1458 1811 1504 uti-
1838 1460 1903 1504 24

125 1547 218 1591 que
264 1533 485 1579 narratio
532 1533 782 1593 prooemio
839 1532 1144 1579 subicienda:
1203 1533 1333 1593 quod
1389 1532 1474 1593 qui
1530 1533 1812 1592 opinantur,

55 1620 98 1652 20
122 1621 220 1651 non
258 1609 467 1666 possunt
506 1606 664 1652 videri
711 1606 851 1652 nulla
889 1607 1081 1653 ratione
1122 1607 1269 1653 ducti.
1317 1623 1434 1652 nam
1483 1621 1593 1652 cum
1639 1622 1812 1667 prooe-

121 1679 276 1726 mium
298 1680 482 1727 idcirco
516 1682 857 1740 comparatum
882 1681 961 1739 sit,
1001 1686 1055 1727 ut
1080 1681 1227 1727 iudex
1253 1681 1314 1727 ad
1337 1697 1443 1727 rem
1476 1680 1814 1741 accipiendam

121 1753 209 1800 fiat
249 1755 572 1814 conciliatior,
614 1755 833 1813 docilior,
873 1755 1125 1815 intentior,
1167 1758 1216 1801 et
1254 1754 1482 1815 probatio
1523 1756 1622 1801 nisi
1662 1769 1813 1802 causa

121 1827 258 1888 prius
299 1830 498 1890 cognita
537 1845 635 1875 non
673 1830 831 1889 possit
873 1828 1110 1889 adhiberi,
1160 1831 1387 1890 protinus
1434 1829 1583 1875 iudex
1629 1828 1812 1875 notitia

121 1918 285 1948 rerum
323 1902 640 1950 instruendus
681 1903 890 1949 Videtur.
934 1903 1017 1950 sed
1055 1904 1148 1950 hoe
1188 1919 1383 1964 01100110
1422 1903 1623 1950 interim
1645 1905 1812 1950 mutat

53 1990 96 2023 25
122 1976 343 2024 condicio
378 1992 649 2036 causarum,
697 1979 794 2024 nisi
838 1977 965 2024 forte
1009 1977 1071 2024 M.
1111 1977 1304 2024 Tullius
1351 1979 1404 2023 in
1441 1978 1663 2024 oratione
1702 1978 1812 2037 pul-

122 2050 378 2111 cherrima,
421 2067 570 2111 quam
607 2067 696 2112 pro
737 2051 921 2098 Milone
961 2052 1197 2112 scriptam
1237 2051 1454 2113 reliquit,
1494 2051 1623 2097 male
1657 2051 1811 2097 distu-

121 2124 237 2171 lisse
276 2126 614 2172 narrationem
652 2125 851 2172 videtur
888 2125 1048 2172 tribus
1089 2127 1387 2187 praepositis
1422 2125 1810 2186 quaestionibus.

123 2214 186 2244 an
223 2199 494 2259 profuisset
533 2215 786 2260 exponere,
829 2217 924 2261 quo
964 2200 1109 2247 modo
1149 2200 1356 2247 insidias
1396 2200 1574 2246 Miloni
1614 2199 1812 2246 fecisset

124 2271 339 2333 Clodius,
379 2276 422 2320 si
460 2289 612 2328 reum,
654 2274 742 2335 qui
780 2290 809 2320 a
849 2290 898 2321 se
930 2275 1179 2321 hominem
1204 2275 1419 2321 occisum
1442 2275 1696 2329 fateretur,
1730 2273 1810 2319 de-

53 2361 97 2393 30
121 2346 255 2393 fendi
311 2348 509 2394 omnino
564 2349 640 2394 fas
694 2364 794 2395 non
844 2349 1035 2407 fuisset,
1099 2350 1186 2395 aut
1248 2350 1291 2396 si
1351 2349 1452 2394 iam
1505 2348 1810 2409 praeiudicio

122 2424 321 2468 senatus
362 2422 623 2469 damnatus
675 2426 800 2470 esset
838 2422 982 2481 Milo,
1031 2425 1118 2469 aut
1166 2424 1208 2470 si
1257 2422 1341 2469 Cn.
1389 2422 1677 2482 Pompeius,
1726 2423 1813 2483 qui

121 2498 318 2555 praeter
368 2496 520 2542 aliam
575 2496 790 2558 gratiam
839 2497 1079 2543 iudicium
1119 2498 1268 2543 etiam
1314 2496 1556 2543 militibus
1605 2497 1811 2542 armatis

122 2569 350 2629 cluserat,
388 2572 647 2631 tamquam
680 2570 911 2617 adversus
938 2572 984 2617 ei
1015 2569 1306 2617 timeretur‘.>
1349 2586 1463 2633 ergo
1489 2571 1582 2617 hae
1614 2585 1810 2631 011οο110
1836 2576 1900 2619 26

1837 1906 1865 1949 [θ

1871 1906 1900 1949 v«

242 2699 297 2737 10
330 2709 498 2751 genere
539 2710 607 2739 om
648 2706 675 2738 b
815 2701 868 2739 14
908 2696 1028 2739 illud
1072 2723 1127 2729 —
1168 2697 1288 2740 scias
1330 2711 1401 2740 om
1450 2697 1508 2740 Vt
1533 2711 1567 2751 p
1607 2700 1690 2738 426

123 2757 177 2795 25
211 2754 271 2795 M.
306 2768 375 2796 om
415 2755 473 2799 Vt
502 2764 548 2797 B
675 2760 729 2798 28
764 2770 823 2798 an
849 2757 1114 2800 Eberhard:
1155 2759 1237 2799 aut
1267 2764 1397 2798 ABP
1423 2755 1544 2797 nihil
1576 2755 1701 2798 enim
1742 2755 1813 2808 Vt,

121 2813 242 2855 unde
273 2813 390 2856 haut
422 2816 592 2859 Becher
739 2820 793 2857 29
826 2815 1002 2858 fatetur
1039 2816 1148 2858 ΒΡ1
1285 2820 1338 2857 32
1371 2817 1562 2872 propter
1595 2814 1739 2857 aliam
1770 2821 1816 2856 B

120 2874 314 2927 propter
346 2871 552 2927 aliquam
585 2882 628 2916 P
