1991 3120
614 690 883 750 LIBER
934 689 1281 750 PRIMUS.

719 911 1183 964 Prooemium.

209 1035 331 1083 Post
369 1036 672 1097 inpetratam
705 1034 883 1082 studiis
916 1037 1038 1082 meis
1071 1036 1302 1096 quietem,
1343 1049 1468 1096 quae
1500 1049 1588 1095 per
1612 1035 1795 1097 vigint-i
1825 1031 1850 1073 l

100 1125 254 1158 annos
295 1109 577 1157 erudiendis
616 1108 877 1157 iuvenibus
911 1109 1247 1171 inpenderam,
1282 1124 1393 1155 cum
1426 1123 1456 1155 a
1485 1123 1564 1156 me
1590 1108 1792 1169 quidam

54 1199 72 1229 5
98 1184 415 1232 familiariter
468 1183 807 1246 postularent,
869 1191 927 1231 ut
989 1183 1180 1245 aliquid
1237 1183 1294 1230 de
1350 1183 1544 1230 ratione
1599 1181 1794 1229 dicendi

97 1273 463 1320 componerem,
504 1257 588 1304 diu
628 1273 737 1306 sum
777 1257 1008 1319 equidem
1047 1258 1346 1317 reluctatus,
1395 1256 1526 1318 quod
1566 1258 1792 1304 auctores

96 1334 354 1394 utriusque
401 1333 602 1396 linguae
651 1333 950 1380 clarissimos
998 1347 1095 1379 non
1135 1331 1427 1394 ignorabam
1466 1331 1625 1378 multa
1666 1346 1791 1391 quae

97 1407 160 1455 ad
212 1407 304 1454 hoc
367 1422 489 1468 opus
544 1407 849 1468 pertinerent
905 1407 1285 1470 diligentissime
1341 1407 1527 1467 scripta
1581 1406 1791 1466 posteris

95 1481 367 1542 reliquisse.
418 1481 501 1529 sed
549 1497 645 1542 qua
694 1497 783 1544 ego
832 1497 887 1528 ex
928 1496 1076 1529 causa
1118 1481 1392 1528 faciliorem
1431 1480 1555 1527 mihi
1593 1480 1789 1527 veniam
1820 1476 1850 1519 *2

29 1572 71 1601 10
95 1570 233 1602 meae
274 1555 633 1617 deprecationis
674 1555 955 1602 arbitrabar
995 1557 1113 1613 fore,
1153 1555 1246 1602 hac
1287 1554 1683 1602 accendebantur
1713 1554 1792 1601 illi

93 1632 270 1692 magis,
311 1629 444 1690 quod
484 1629 613 1676 inter
653 1629 870 1676 diversas
912 1630 1166 1691 opiniones
1207 1630 1428 1690 priorum
1469 1632 1514 1675 et
1550 1628 1791 1689 quasdam

94 1705 246 1751 etiam
292 1705 423 1751 inter
471 1719 521 1751 se
570 1704 843 1751 contrarias
890 1703 1107 1752 difficilis
1157 1707 1283 1751 esset
1323 1703 1521 1762 electio,
1570 1706 1627 1750 ut
1665 1703 1790 1749 mihi

94 1779 136 1825 si
181 1793 282 1825 non
327 1777 612 1825 inveniendi
658 1793 801 1837 nova,
854 1783 906 1824 at
954 1781 1085 1825 certe
1130 1777 1386 1825 iudicandi
1434 1777 1491 1824 de
1540 1776 1788 1824 veteribus

91 1853 349 1915 iniungere
389 1851 608 1898 laborem
648 1868 746 1899 non
788 1852 970 1900 iniuste
1012 1852 1309 1899 viderentur.
1353 1852 1580 1912 quamvis
1622 1854 1786 1898 autem
1818 1848 1849 1891 3

26 1941 67 1972 15
92 1942 191 1973 non
230 1930 335 1974 tam
374 1943 451 1973 me
490 1926 709 1974 vinceret
755 1926 1045 1987 praestandi
1093 1926 1224 1988 quod
1272 1925 1561 1990 exigebatur
1606 1925 1787 1973 fiducia

94 2016 240 2062 quam
280 2000 496 2064 negandi
535 2001 845 2060 verecundia,
893 2001 1045 2048 latius
1094 2016 1143 2048 se
1182 2004 1349 2048 tamen
1392 2001 1645 2061 aperiente
1685 2016 1788 2046 ma-

91 2076 217 2122 teria
257 2075 368 2136 plus
410 2091 559 2136 quam
599 2075 930 2135 inponebatur
970 2077 1130 2123 oneris
1175 2078 1348 2136 sponte
1389 2075 1596 2135 suscepi,
1636 2073 1787 2121 simul

90 2151 147 2196 ut
193 2149 415 2210 pleniore
464 2149 699 2210 obsequio
749 2149 1022 2197 demererer
1063 2151 1431 2197 amantissimos
1471 2147 1588 2207 mei,
1637 2148 1786 2196 simul

89 2239 150 2270 ne
201 2224 457 2287 vulgarem
509 2223 642 2270 viam
688 2226 938 2286 ingressus
986 2225 1161 2271 alienis
1210 2223 1406 2271 demum
1447 2223 1670 2287 vestigiis
1711 2223 1783 2269 in-

22 2311 66 2344 20
91 2299 327 2345 sisterem.
367 2313 481 2344 nam
524 2298 672 2345 ceteri
713 2299 828 2357 fere,
871 2300 955 2360 qui
997 2303 1154 2346 artem
1195 2298 1369 2346 orandi
1407 2297 1590 2345 litteris
1629 2297 1783 2344 tradi-
1812 2294 1845 2338 4

89 2371 289 2431 derunt,
339 2372 410 2419 ita
452 2373 566 2418 sunt
606 2373 787 2433 exorsi,
835 2373 976 2433 quasi
1018 2372 1250 2434 perfectis
1291 2371 1425 2420 omni
1465 2371 1565 2420 alio
1605 2387 1783 2434 genere

89 2446 339 2494 doctrinae
389 2461 632 2493 summam
671 2446 723 2493 in
763 2446 1047 2508 eloquentia
1087 2463 1291 2494 manum
1323 2448 1631 2507 inponerent,
1679 2447 1782 2494 sive

88 2523 453 2568 contemnentes
493 2523 750 2581 tamquam
790 2537 945 2582 parva
987 2538 1112 2582 quae
1152 2523 1289 2582 prius
1330 2520 1561 2568 discimus
1601 2520 1784 2580 studia,

89 2594 191 2642 sive
237 2610 336 2642 non
384 2594 447 2641 ad
487 2609 632 2642 suum
670 2597 916 2656 pertinere
958 2595 1176 2642 officium
1215 2595 1421 2656 opinati,
1470 2594 1667 2655 quando
1709 2594 1781 2641 di-

21 2680 65 2714 ts
87 2669 223 2716 visae
261 2667 622 2730 professionum
654 2670 784 2716 vices
818 2679 994 2729 essent,
1035 2685 1134 2729 seu,
1175 2669 1305 2730 quod
1337 2668 1616 2731 proximum
1648 2684 1779 2729 vero,

88 2741 278 2789 nullam
326 2744 515 2806 ingenii
566 2745 819 2804 sperantes
872 2745 1086 2806 gratiam
1139 2744 1267 2790 circa
1318 2759 1395 2791 res
1448 2743 1645 2790 etiamsi
1695 2759 1779 2789 ne-

206 2887 261 2926 22
295 2883 342 2927 111
376 2885 468 2927 incl
499 2883 659 2937 Halm,
691 2884 773 2938 def
802 2884 1082 2928 Gozdbacher
1113 2885 1197 2928 coll
1220 2883 1262 2926 X
1297 2891 1337 2939 1,
1370 2888 1423 2926 97

1453 2959 1506 3001 1²³
