2055 3130
748 80 822 122 VI.
859 86 897 132 1,
934 83 1118 121 36—47.
1245 76 1248 78 ’
1668 82 1775 133 319

98 222 420 284 epilogorum.
484 222 649 267 omnia
709 224 875 267 tamen
944 219 1064 266 haec
1116 218 1398 266 tolerabilia
1455 220 1538 279 iis,
1601 220 1778 281 quibus
1805 221 1867 265 42

98 294 341 342 actionem
381 297 573 341 mutare
613 295 758 341 facile
799 296 893 340 est:
946 296 1000 340 at
1038 293 1122 353 qui
1164 308 1193 339 a
1233 293 1346 340 stilo
1386 309 1485 339 non
1532 293 1778 352 recedunt,

98 371 185 415 aut
226 369 558 416 conticescunt
588 368 650 414 ad
688 367 776 414 hos
817 382 955 414 casus
981 369 1068 413 aut
1108 367 1502 427 frequentissime
1542 367 1670 414 falsa
1708 367 1778 413 di-

97 444 226 488 cunt.
285 442 398 488 inde
447 446 520 489 est
572 443 701 488 enim
758 437 937 487 ‘tendit
987 440 1048 487 ad
1104 456 1264 503 genua
1317 443 1481 487 vestra
1537 441 1780 502 supplices

55 532 73 564 5
99 511 309 575 manus'‚
350 519 399 562 et
441 512 628 562 ‘haeret
666 517 718 561 in
759 515 1016 574 complexu
1055 515 1320 561 liberorum
1360 510 1543 573 miser',
1593 517 1641 561 et
1689 511 1780 561 ‘re-

99 591 245 637 vocat
285 604 393 637 ecce
433 585 544 649 me',
587 591 736 636 etiam
776 590 819 636 si
857 588 982 634 nihil
1021 588 1192 635 horum
1227 588 1282 647 is,
1335 588 1393 634 de
1443 604 1537 648 quo
1587 588 1780 649 dicitur,

98 664 263 710 faciat.
306 680 364 710 ex
404 664 581 710 scholis
620 663 740 710 haec
779 664 920 720 vitia,
959 663 1010 708 in
1054 662 1229 723 quibus
1265 663 1429 709 omnia
1454 662 1605 709 libere
1638 662 1779 725 fingi·
1805 661 1872 706 43

95 752 203 784 mus
246 740 295 783 et
332 737 547 798 impune,
603 737 716 798 quia
758 752 846 798 pro
902 736 1034 783 facto
1090 739 1162 783 est
1218 736 1458 797 quidquid
1512 737 1779 783 voluimus:

99 827 196 857 non
238 810 461 864 admittit
498 811 589 858 hoc
614 810 745 857 idem
786 810 984 869 veritas,
1027 811 1318 873 egregieque
1363 809 1556 857 Cassius
1598 810 1782 857 dicenti

32 902 74 933 10
100 885 489 932 adulescentulo:
549 881 686 945 ‘quid
741 900 818 931 me
873 888 1014 930 torvo
1074 884 1216 931 vultu
1270 886 1493 943 intueris,
1549 880 1778 932 Severe‘?'

101 955 216 1005 ‘non
255 954 550 1005 mehercule’
590 958 754 1019 inquit
788 955 1061 1016 ‘faciebam
1102 958 1186 1005 sed
1225 959 1293 1004 sic
1327 958 1587 1019 scripsisti:
1629 955 1777 1006 eccel'

97 1034 145 1079 et
193 1048 341 1093 quam
387 1034 553 1093 potuit
599 1031 1016 1079 truculentissime
1073 1048 1181 1078 eum
1223 1034 1427 1093 aspexit.
1477 1032 1604 1079 illud
1641 1048 1780 1093 prae·
1807 1031 1874 1076 44

97 1107 238 1166 cipue
278 1107 589 1165 monendum,
645 1122 705 1153 ne
747 1107 834 1166 qui
872 1107 969 1152 nisi
1009 1108 1210 1153 summis
1250 1107 1438 1168 ingenii
1484 1106 1671 1153 viribus
1719 1107 1782 1153 ad

96 1180 361 1228 movendas
401 1182 631 1227 lacrimas
672 1180 875 1242 adgredi
917 1180 1120 1238 audeat3
1162 1196 1276 1226 nam
1317 1183 1372 1227 ut
1412 1182 1486 1227 est
1523 1181 1668 1243 longe
1700 1196 1781 1227 ve-

30 1271 70 1303 15
96 1254 491 1302 hement-issimus
538 1255 639 1314 hic,
695 1270 807 1301 cum
857 1255 1086 1302 invaluit,
1144 1254 1379 1313 adfectus,
1433 1255 1520 1314 ita,
1576 1255 1616 1301 si
1655 1255 1781 1301 nihil

96 1328 261 1387 efficit,
300 1332 450 1389 tepet,
499 1345 643 1389 quem
683 1329 856 1375 melius
895 1328 1118 1375 infirmus
1168 1331 1304 1376 actor
1349 1329 1514 1376 tacitis
1561 1329 1780 1375 iudicum

96 1403 485 1465 cogitationibus
524 1403 820 1463 reliquisset.
867 1419 983 1449 nam
1024 1405 1073 1448 et
1118 1403 1288 1450 vultus
1337 1406 1386 1449 et
1435 1419 1529 1449 vox
1576 1406 1625 1449 et
1670 1404 1780 1464 ipsa
1807 1401 1873 1446 45

98 1477 187 1523 illa
228 1477 431 1524 excitati
468 1478 542 1524 rei
581 1477 730 1524 facies
770 1476 983 1523 ludibrio
1025 1478 1176 1523 etiam
1214 1477 1501 1538 plerumque
1544 1481 1656 1525 sunt
1694 1478 1778 1525 ho-

96 1550 327 1608 minibus,
368 1567 488 1611 quos
527 1567 625 1598 non
664 1554 1026 1612 permoverunt.
1080 1566 1230 1611 quare
1278 1552 1514 1598 metiatur
1565 1567 1622 1598 ac
1670 1552 1779 1598 dili-

28 1641 70 1672 20
95 1628 266 1686 genter
299 1626 525 1672 aestimet
564 1627 692 1673 vires
734 1640 846 1671 suas
888 1628 1024 1673 actor
1072 1628 1142 1685 et,
1191 1627 1433 1686 quantum
1481 1641 1602 1672 onus
1650 1625 1780 1673 subi-

92 1702 232 1746 turus
273 1700 353 1758 sit,
391 1699 673 1762 intellegat:
714 1698 838 1745 nihil
877 1699 1027 1746 habet
1058 1701 1155 1746 ista
1195 1715 1270 1747 res
1303 1700 1536 1758 medium,
1577 1700 1660 1747 sed
1694 1702 1781 1746 aut

93 1772 322 1820 lacrimas
361 1776 577 1820 meretur
618 1776 703 1820 aut
740 1775 910 1820 risum.

204 1847 316 1894 Non
396 1849 561 1894 autem
624 1863 928 1895 commovere
990 1851 1187 1895 tantum
1248 1849 1630 1908 miserationem,
1692 1848 1776 1895 sed
1805 1845 1871 1890 46

94 1921 243 1967 etiam
284 1921 525 1969 discutere
581 1922 765 1984 epilogi
813 1924 887 1969 est
935 1921 1190 1982 proprium
1238 1937 1348 1968 cum
1396 1924 1620 1970 oratione
1666 1938 1778 1970 con·

28 2011 68 2043 25
92 1996 248 2054 tinua,
298 2011 424 2055 quae
462 2001 621 2043 motos
661 1996 880 2043 lacrimis
926 1996 1112 2043 iudices
1161 1996 1223 2043 ad
1269 1996 1515 2043 iustitiam
1560 1997 1778 2055 reducat,

92 2071 199 2115 tum
240 2069 390 2116 etiam
423 2070 719 2131 quibusdam
752 2070 940 2117 urbane
974 2070 1133 2129 dictis,
1174 2070 1322 2131 quale
1355 2074 1428 2117 est
1461 2067 1594 2118 ‘date
1626 2087 1779 2132 puero

92 2159 286 2203 panem,
326 2160 386 2189 ne
427 2139 623 2204 ploret'‚
675 2148 721 2190 et
772 2145 1058 2205 corpulento
1105 2145 1374 2207 litigatori,
1425 2144 1561 2192 cuius
1611 2145 1780 2192 adver·
1806 2142 1869 2187 47

95 2218 267 2277 sarius,
322 2219 443 2264 item
483 2234 620 2279 puer,
655 2219 782 2265 circa
823 2218 1008 2266 iudices
1052 2221 1158 2265 erat
1213 2219 1273 2265 ab
1331 2219 1569 2267 advocato
1624 2220 1777 2266 latus:

95 2286 234 2352 ‘quid
257 2290 474 2339 faciam?
508 2308 596 2354 ego
623 2294 671 2340 te
702 2292 926 2339 baiulare
951 2308 1045 2340 non
1072 2289 1304 2353 possum'.
1347 2292 1431 2340 sed
1461 2293 1582 2340 haec
1613 2297 1780 2340 tamen

27 2382 68 2412 30
93 2381 191 2412 non
242 2365 420 2413 debent
475 2381 575 2413 esse
639 2366 851 2413 mimica.
912 2367 986 2414 ita
1043 2382 1201 2427 neque
1255 2367 1396 2413 illum
1451 2367 1782 2429 probaverim,

97 2455 396 2501 quamquam
442 2441 572 2487 inter
620 2441 916 2488 clarissimos
974 2442 1053 2488 sui
1103 2442 1339 2501 temporis
1395 2445 1614 2490 oratores
1669 2442 1780 2502 fuit⁷

95 2514 180 2573 qui
218 2514 382 2574 pueris
421 2516 474 2562 in
514 2515 763 2577 epilogum
817 2514 1070 2576 productis
1115 2515 1243 2562 talos
1289 2517 1406 2562 iecit
1451 2517 1503 2562 in
1549 2516 1783 2576 medium⁷

95 2602 214 2647 quos
253 2588 331 2634 illi
371 2588 582 2649 diripere
623 2593 901 2650 coeperunt,
941 2606 1150 2650 namque
1189 2589 1310 2636 haec
1341 2589 1451 2650 ipsa
1483 2590 1781 2637 discriminis

215 2778 235 2813 1
271 2772 328 2815 iis
361 2786 428 2815 om
464 2774 570 2817 libri
592 2779 777 2829 praeter
807 2782 844 2815 A
952 2785 956 2789 ⁴
1010 2780 1033 2817 9
1066 2775 1180 2819 item
1214 2777 1357 2819 Halm
1540 2782 1591 2819 11
1626 2775 1784 2830 inquit

94 2831 146 2873 ed
180 2832 343 2886 Gamp:
375 2831 488 2886 quid
520 2833 570 2875 in
593 2841 630 2874 A
663 2833 795 2888 quiin
821 2841 872 2876 J!
893 2834 1056 2888 quidni
1085 2843 1205 2876 GPV
1265 2834 1270 2840 '
1320 2839 1375 2878 30
1407 2834 1475 2877 ita
1505 2848 1655 2889 neque
1681 2843 1779 2877 Pr:

94 2891 254 2944 itaque
285 2904 343 2933 ne
375 2899 508 2933 AGJI
