2055 3130
618 786 890 845 LIBER
939 786 1288 846 SEXTUS.

744 1012 1154 1059 Prooemium.

218 1160 368 1219 Haec,
416 1160 647 1206 Marcelle
687 1159 872 1219 Vitori,
922 1175 978 1206 ex
1023 1163 1112 1206 tua
1159 1159 1414 1205 voluntate
1462 1159 1674 1205 maxime
1720 1158 1791 1204 in-
1826 1160 1852 1203 l

109 1249 319 1297 gressus,
357 1238 466 1281 tum
505 1236 546 1281 si
588 1249 685 1294 qua
727 1249 783 1280 ex
823 1233 962 1280 nobis
1004 1234 1067 1279 ad
1107 1233 1307 1280 iuvenes
1346 1232 1499 1280 bonos
1539 1233 1796 1293 pervenire

67 1327 84 1358 5
111 1312 277 1369 posset-
316 1308 524 1367 utilitas,
565 1309 832 1356 novissime
872 1324 1028 1369 paene
1070 1308 1218 1354 etiam
1259 1307 1548 1354 necessitate
1583 1306 1797 1367 quadam

113 1382 262 1430 officii
309 1382 525 1444 delegati
570 1382 694 1428 mihi
745 1381 912 1429 sedulo
963 1382 1265 1439 laborabam,
1314 1382 1578 1441 respiciens
1629 1384 1797 1427 tamen

52 1504 56 1505 ⁷
111 1457 248 1504 illam
291 1472 458 1503 curam
497 1472 634 1502 meae
687 1456 975 1517 voluptatis,
1027 1456 1158 1516 quod
1211 1455 1329 1515 filio,
1386 1456 1522 1501 cuius
1580 1456 1795 1502 eminens

112 1531 366 1593 ingenium
418 1530 682 1578 sollicitam
735 1546 929 1592 quoque
968 1532 1188 1590 parentis
1230 1529 1539 1592 diligentiam
1579 1528 1797 1575 mereba-

111 1609 208 1665 tur,
247 1605 372 1651 hanc
415 1606 655 1666 optimam
693 1607 888 1665 partem
935 1604 1197 1651 relicturus
1243 1603 1532 1650 hereditatis
1579 1603 1797 1661 videbar,

44 1698 86 1729 10
110 1682 181 1738 ut,
222 1680 263 1725 si
301 1695 394 1738 me,
444 1679 574 1740 quod
614 1694 787 1726 aecum
828 1685 877 1724 et
924 1678 1143 1740 optabile
1191 1678 1310 1736 fuit,
1358 1678 1464 1724 fata
1511 1677 1796 1738 intercepis-

112 1756 232 1813 sent,
273 1756 589 1814 praeceptore
629 1756 796 1799 tamen
835 1755 976 1813 patre
1016 1755 1248 1800 uteretur.
1299 1755 1351 1798 at
1388 1769 1464 1797 me
1505 1752 1703 1798 fortuna
1742 1750 1794 1797 id
1828 1752 1855 1796 2

112 1830 339 1890 agentem
394 1827 565 1875 diebus
619 1842 672 1874 ac
720 1827 945 1874 noctibus
998 1827 1414 1886 festinantemque
1468 1828 1604 1872 metu
1657 1841 1795 1872 meae

117 1901 439 1948 mortalitatis
464 1903 539 1948 ita
564 1901 726 1948 subito
759 1901 1044 1963 prostravit,
1083 1905 1138 1947 ut
1171 1900 1354 1947 laboris
1386 1901 1485 1946 mei
1515 1901 1703 1948 fructus
1737 1900 1800 1946 ad

115 1977 362 2022 neminem
401 1976 563 2022 minus
606 1991 755 2036 quam
796 1975 857 2021 ad
897 1990 973 2022 me
1013 1976 1294 2036 pertineret.
1350 1975 1494 2020 illum
1542 1975 1684 2034 enim,
1741 1974 1798 2020 de

49 2068 90 2099 15
119 2065 214 2110 quo
255 2065 446 2097 summa
487 2064 803 2110 conceperam
845 2054 892 2095 et
932 2051 982 2095 in
1025 2065 1120 2109 quo
1154 2064 1292 2109 spem
1316 2050 1511 2096 unicam
1536 2050 1800 2096 senectutis

113 2124 426 2184 reponebam,
472 2125 685 2185 repetito
732 2124 935 2170 vulnere
992 2123 1218 2169 orbitatis
1281 2123 1435 2169 amisi.
1493 2123 1612 2183 quid
1666 2138 1793 2169 nunc
1827 2124 1857 2167 3

113 2195 292 2260 agam?
341 2200 425 2244 aut
467 2214 614 2258 quem
652 2198 786 2244 ultra
826 2212 927 2245 esse
967 2213 1110 2244 usum
1149 2198 1247 2243 mei
1287 2197 1360 2243 dis
1407 2196 1797 2259 repugnantibus

113 2269 344 2319 credam?
383 2288 499 2318 nam
538 2272 611 2318 ita
649 2271 776 2318 forte
824 2271 1018 2331 accidit,
1073 2275 1128 2318 ut
1185 2288 1295 2318 eum
1351 2287 1545 2332 quoque
1599 2271 1797 2331 librum,

117 2362 263 2407 quem
304 2345 360 2391 de
403 2347 561 2394 causis
603 2348 862 2407 corruptae
903 2346 1212 2406 eloquentiae
1254 2345 1407 2404 emisi,
1447 2345 1548 2391 iam
1588 2345 1797 2392 scribere

47 2438 90 2469 20
116 2420 376 2482 adgressus
415 2422 519 2467 ictu
570 2421 722 2468 simili
762 2421 948 2467 ferirer.
997 2436 1149 2466 unum
1196 2420 1351 2481 igit-ur
1399 2420 1641 2480 optimum
1687 2419 1798 2477 fuit,

114 2494 388 2541 infaustum
450 2509 571 2556 opus
628 2498 676 2540 et
729 2493 970 2555 quidquid
1023 2494 1114 2541 hoc
1166 2497 1237 2540 est
1291 2493 1343 2540 in
1396 2509 1474 2540 me
1523 2494 1798 2540 infelicium

113 2568 392 2615 litterarum
448 2583 593 2630 super
646 2570 968 2615 immaturum
1023 2568 1174 2614 funus
1227 2568 1552 2615 consumturis
1608 2569 1796 2614 viscera

111 2657 220 2688 mea
259 2641 469 2688 fiammis
508 2644 688 2689 inicere
727 2658 886 2703 neque
924 2643 1051 2689 hanc
1090 2642 1298 2703 impiam
1345 2642 1665 2688 vivacitatem
1711 2657 1796 2688 no-

231 2787 256 2824 3
290 2781 441 2825 Vitori
475 2784 751 2826 Mommsen.-
791 2783 971 2826 Victori
1126 2787 1179 2825 10
1215 2796 1376 2825 aecum
1407 2791 1443 2823 ,1
1475 2784 1597 2826 solus
1635 2795 1795 2838 perae-

113 2856 254 2896 quum
287 2849 434 2893 PM,1'
453 2845 552 2897 (per
576 2845 696 2898 eum)
792 2847 843 2884 17
877 2841 1235 2898 reprobantibus
1266 2841 1453 2884 GP²MT
1551 2846 1606 2884 ‘20
1631 2842 1795 2898 unum]

111 2915 222 2943 num
255 2902 362 2944 libri
394 2903 529 2955 (nunc
566 2904 614 2956 Q)

1441 2974 1526 3016 20²³<
