2055 3130
627 90 682 133 Π.
718 94 786 145 2ο,
822 93 979 132 7—10.
1015 93 1084 142 21,
1120 94 1247 132 1—6.
1678 89 1783 140 123

95 231 430 293 appellatione
462 231 612 278 verba
643 231 754 291 ipsa
787 229 1059 293 significari
1088 230 1338 290 putamus,
1378 229 1504 289 nihil
1534 228 1656 275 haec
1680 229 1784 275 sine

94 322 259 353 rerum
299 305 578 353 substantia
610 305 813 351 faciunt.
855 303 1062 364 quidam
1094 305 1385 365 argumenta
1416 302 1784 363 persuasibilia:

98 395 223 441 quae
264 381 313 426 et
350 380 460 440 ipsa
497 379 549 424 in
588 379 730 438 parte
770 380 886 425 sunt
925 379 1088 438 operis
1128 380 1178 423 et
1217 379 1322 423 arte
1353 376 1480 423 fiunt
1504 378 1552 423 et
1576 377 1785 423 materia

95 455 253 517 egent.
331 453 532 514 quidam
588 451 757 499 civiles
809 452 1145 513 quaestiones:
1203 466 1413 512 quorum
1468 451 1635 512 opinio
1688 466 1787 497 non

49 544 69 576 5
95 528 355 588 qualitate,
396 526 479 573 sed
518 526 664 573 modo
705 525 910 586 erravit,
953 527 1027 572 est
1066 526 1197 572 enim
1227 524 1349 572 haec
1380 525 1590 572 materia
1622 525 1785 571 rheto-

93 602 233 660 rices,
288 600 372 647 sed
425 616 522 647 non
574 600 692 648 sola.
752 599 969 660 quidam,
1026 598 1142 659 quia
1196 600 1354 646 virtus
1411 599 1477 646 sit
1528 598 1785 658 rhetorice,

93 675 356 721 materiam
388 674 492 722 eius
523 676 685 721 totam
715 674 872 720 vitam
903 675 1097 721 vocant.
1141 674 1241 733 3111,
1284 673 1401 733 0013
1433 689 1533 720 11011
1565 673 1786 719 0111111010

94 750 339 796 virtutum
377 749 589 795 materia
630 749 697 795 sit
734 750 843 795 tota
882 749 1002 807 vita,
1043 747 1127 795 sed
1166 747 1430 808 pleraeque
1471 762 1641 793 earum
1679 763 1784 794 ver-

95 825 265 870 sentur
325 823 379 869 in
431 821 671 883 partibus,
728 824 856 869 sicut
904 821 1112 881 iustitia,
1167 821 1426 881 fortitudo,
1479 822 1787 868 continentia

25 913 70 945 10
93 897 307 958 propriis
333 896 508 944 officiis
544 898 592 943 et
623 911 710 944 suo
742 895 838 942 fine
869 896 1245 959 intelleguntur,
1277 896 1556 943 rhetoricen
1590 911 1786 956 quoque

63 971 264 1021 ,dicunt
303 972 356 1016 in
403 987 504 1017 una
556 971 725 1031 aliqua
774 973 917 1031 parte
968 933 1261 1031 ponendani,
1318 971 1462 1055 01000
1515 970 1680 1017 1000111
1733 971 1787 1016 111

25 1284 68 1316 15

23 1655 68 1687 20

24 2025 68 2057 25

25 2397 70 2429 30

93 1045 251 1092 ethice
289 1045 593 1107 negotialem
633 1044 913 1107 adsignant,
952 1044 1004 1091 id
1045 1046 1118 1091 est
1157 1042 1508 1108 §masticat-nov.
1560 1063 1564 1067 ·

204 1119 311 1182 Ego
354 1114 533 1184 <neque
571 1118 625 1166 id
664 1121 767 1166 81110
807 1112 1116 1183 auctoribus)
1165 1119 1428 1166 materiam
1475 1132 1577 1166 esse
1623 1118 1786 1165 rheto-

90 1193 215 1240 rices
256 1193 419 1240 iudico
461 1209 626 1241 omnes
666 1208 758 1252 res,
801 1208 1140 1254 quaecumque
1189 1193 1234 1239 ei
1275 1193 1337 1239 ad
1377 1191 1637 1239 dicendum
1677 1191 1786 1240 sub-

93 1267 249 1315 iectae
289 1270 445 1315 erunt.
486 1283 602 1314 nam
643 1266 869 1314 Socrates
911 1267 1043 1328 apud
1080 1267 1341 1314 Platonem
1382 1267 1541 1313 dicere
1575 1265 1788 1330 Gorgiae

92 1341 305 1402 videtur,
344 1358 445 1389 non
484 1343 536 1388 in
561 1341 723 1389 verbis
765 1357 867 1389 esse
907 1341 1182 1401 materiam,
1224 1341 1309 1388 sed
1346 1341 1400 1388 in
1438 1341 1606 1388 rebus:
1648 1345 1697 1388 et
1736 1341 1788 1387 in

92 1415 319 1463 Phaedro
358 1416 525 1478 palam
565 1432 664 1463 non
702 1417 755 1463 in
794 1415 990 1464 iudiciis
1030 1416 1175 1463 modo
1226 1419 1274 1462 et
1321 1415 1654 1476 contionibus,
1704 1415 1789 1462 sed

92 1490 146 1536 in
184 1489 329 1538 rebus
370 1491 520 1537 etiam
559 1491 771 1551 privatis
813 1506 870 1538 ac
909 1490 1190 1538 domesticis
1238 1490 1515 1538 rhetoricen
1563 1505 1666 1538 esse
1707 1489 1787 1536 de-

92 1567 364 1612 monstrat:
407 1580 503 1626 quo
543 1565 864 1611 manifestum
904 1566 977 1611 est
1008 1564 1136 1611 hanc
1169 1565 1452 1625 opinionem
1483 1566 1640 1625 ipsius
1673 1564 1787 1610 Pla-

92 1639 225 1686 tonis
264 1639 431 1686 fuisse.
484 1641 533 1685 et
574 1638 742 1686 Cicero
791 1639 1004 1700 quodam
1053 1639 1162 1687 loco
1208 1638 1471 1686 materiam
1520 1639 1787 1686 rhetorices

91 1715 240 1760 vocat
278 1729 369 1772 res,
412 1729 536 1774 quae
577 1713 823 1760 subiectae
865 1714 964 1759 sint
1004 1709 1063 1772 ei,
1104 1712 1189 1760 sed
1221 1716 1379 1760 certas
1413 1713 1609 1759 demum
1639 1715 1788 1774 putat

91 1803 196 1835 esse
237 1787 494 1835 subiectas.
545 1787 643 1834 alio
684 1804 801 1835 vero
843 1787 900 1834 de
942 1787 1167 1835 omnibus
1207 1787 1351 1835 rebus
1392 1787 1577 1834 oratori
1626 1787 1788 1835 dicen-

93 1861 212 1907 dum
253 1862 523 1908 arbitratur
572 1862 648 1909 his
683 1861 884 1923 quidem
929 1862 1113 1909 verbis:
1172 1856 1493 1922 equamquam
1548 1863 1623 1909 vis
1680 1878 1788 1910 ora-

92 1937 216 1984 toris
277 1936 615 1998 professioque
692 1937 804 1997 ipsa
879 1936 1001 1982 bene
1086 1936 1282 1983 dicendi
1365 1936 1457 1984 hoc
1542 1938 1788 1998 suscipere

95 2026 151 2057 ac
203 2010 431 2071 polliceri
483 2010 728 2070 videntur,
790 2013 846 2057 ut
909 2011 1042 2058 omni
1098 2010 1157 2058 de
1207 2026 1274 2070 re,
1331 2025 1668 2072 quaecumque
1724 2010 1789 2058 sit

92 2085 364 2146 proposita,
405 2087 576 2131 ornate
618 2084 678 2131 ab
727 2100 783 2132 eo
825 2085 1119 2146 copioseque
1159 2081 1388 2131 dicatur'.
1431 2088 1580 2146 atque
1631 2084 1789 2132 adhuc

94 2158 236 2205 alibi:
293 2155 427 2206 ‘vero
483 2160 612 2205 enim
664 2159 850 2206 oratori
899 2174 1024 2220 quae
1079 2161 1194 2206 sunt
1246 2160 1297 2205 in
1359 2159 1616 2205 hominum
1667 2161 1788 2219 vita,

95 2232 495 2294 quandoquidem
534 2234 588 2280 in
629 2249 686 2280 ea
725 2236 954 2281 versatur
994 2237 1160 2281 orator
1200 2236 1349 2294 atque
1391 2249 1449 2280 ea
1490 2236 1564 2281 est
1598 2234 1643 2280 ei
1676 2233 1788 2280 sub-

92 2307 224 2354 iecta
274 2308 518 2367 materies,
571 2308 737 2354 omnia
785 2309 1027 2370 quaesita,
1080 2307 1268 2368 audita,
1321 2308 1465 2368 lecta,
1517 2308 1788 2369 disputata,

91 2383 324 2442 tractata,
367 2382 558 2445 agitata
598 2397 700 2430 esse
741 2378 954 2429 debent'.

216 2557 270 2594 15
305 2551 441 2610 Gorg.
474 2568 504 2609 p
537 2557 622 2595 449
655 2553 706 2596 E.
741 2568 828 2608 sqq
860 2579 916 2585 —
950 2557 1004 2596 17
1037 2553 1234 2597 Phaedr.
1267 2569 1297 2609 p
1326 2559 1409 2597 261
1442 2555 1496 2597 A.
1541 2581 1595 2586 —
1630 2558 1685 2597 20
1717 2553 1787 2598 De

94 2610 185 2653 inv.
222 2615 260 2665 1,
295 2616 320 2654 5
354 2627 440 2667 sqq
472 2639 528 2644 —
562 2618 618 2655 22
650 2613 718 2656 De
752 2614 866 2657 orat.
903 2618 941 2667 1,
976 2617 1016 2667 6,
1052 2618 1105 2656 21
1142 2640 1195 2644 -
1231 2619 1284 2656 27
1318 2614 1381 2657 ib.
1417 2618 1456 2669 3,
1492 2618 1562 2669 14,
1596 2618 1651 2657 54

216 2794 240 2832 1
275 2789 540 2845 significata
579 2792 614 2847 (i
645 2806 666 2835 e
698 2791 981 2848 significatu)
1024 2791 1083 2835 iri
1113 2800 1151 2833 A
1306 2797 1359 2835 15
1401 2793 1556 2850 erunt]
1608 2794 1716 2834 sunt
1746 2799 1785 2833 A

216 2853 268 2890 21
305 2852 413 2891 sunt
444 2856 542 2892 PN
683 2856 739 2894 25
773 2852 988 2895 videatur
1016 2859 1107 2893 BP
1135 2851 1319 2895 videtur
1353 2852 1444 2896 Cic.
1598 2855 1653 2893 29
1685 2864 1784 2893 ma-

94 2907 215 2950 teria
246 2916 336 2951 BP
359 2910 365 2964 Ι
394 2908 542 2952 electa
573 2918 611 2952 A

1841 449 1870 492 10
