2055 3130
242 63 353 115 330
758 60 1134 114 QVINTILIANJ
1163 59 1314 104 INST.
1347 60 1440 104 ΟΒ.

242 201 356 262 fuit,
409 202 492 263 qui
531 201 621 248 tris
661 201 753 247 hac
792 200 850 246 de
896 215 947 246 re
997 199 1146 246 libros
1202 199 1368 257 edidit,
1422 199 1616 259 parcius
1670 199 1910 247 dictorum

243 291 445 322 numero
485 273 803 321 indulsissent
842 277 890 320 et
929 273 1040 334 plus
1078 272 1249 319 iudicii
1287 274 1336 318 in
1385 272 1619 334 eligendis
1669 288 1816 333 quam
1859 273 1912 319 in

245 348 560 411 congerendis
608 346 757 394 studii
806 346 1162 392 adhibuissent:
1208 346 1368 393 minus
1416 345 1632 392 obiectus
1679 345 1912 392 calumni-

246 421 443 469 antibus
483 421 624 479 foret,
677 422 762 480 qui
798 423 966 466 tamen
1004 435 1133 466 nunc
1175 433 1387 479 quoque,
1433 420 1489 464 ut
1533 419 1585 464 in
1632 419 1764 465 omni
1810 420 1912 466 eius

245 495 456 557 ingenio,
495 493 688 540 facilius
730 493 861 554 quod
906 492 1024 539 reici
1071 507 1220 552 quam
1269 491 1400 552 quod
1453 491 1580 538 adici
1632 493 1788 552 possit
1839 493 1907 538 in·
1960 506 1978 538 5

183 569 214 612 6
247 570 456 615 venient.
498 566 656 613 adfert
696 569 861 613 autem
899 580 1140 613 summam
1179 565 1252 612 rei
1297 560 1637 611 difficultatem
1687 564 1913 626 primum,

245 641 376 702 quod
410 641 674 686 ridiculum
706 640 891 686 dictum
922 639 1208 699 plerumque
1243 638 1422 684 falsum
1462 640 1534 684 est
1577 635 1690 699 [hoc
1728 653 1915 699 semper

243 708 466 777 humile],
505 729 647 773 saepe
695 729 751 759 ex
789 713 1035 758 industria
1081 712 1424 772 depravatum,
1473 714 1728 771 praeterea
1777 728 1913 758 num·

245 803 393 848 quam
423 786 764 834 honorificum:
802 789 910 832 tum
941 785 1079 832 varia
1110 785 1362 831 hominum
1386 783 1569 831 iudicia
1591 786 1643 831 in
1676 800 1745 843 eo,
1786 783 1915 846 quod

244 876 342 907 non
381 862 571 907 ratione
612 860 797 921 aliqua,
849 859 933 906 sed
983 861 1123 906 motu
1170 860 1323 904 animi
1373 857 1586 918 quodam
1637 860 1797 905 nescio
1853 873 1917 904 an
1941 873 1982 905 10

188 936 211 978 7
249 933 512 981 enarrabili
550 933 809 980 iudicatur.
859 948 1014 994 neque
1063 933 1192 978 enim
1247 931 1305 978 ab
1360 931 1461 978 ullo
1518 932 1636 978 satis
1684 931 1917 992 explicari

243 1010 379 1068 puto,
420 1007 535 1055 licet
574 1007 723 1053 multi
760 1008 1125 1067 temptaverint,
1164 1005 1291 1051 unde
1329 1006 1473 1063 risus,
1514 1007 1599 1065 qui
1637 1020 1734 1051 non
1759 1004 1916 1052 solum

244 1082 375 1128 facto
416 1081 582 1141 aliquo
623 1080 828 1139 dictove,
868 1079 951 1126 sed
990 1079 1234 1126 interdum
1276 1078 1485 1138 quodam
1520 1078 1668 1124 etiam
1701 1078 1916 1139 corporis

242 1157 406 1202 tractu
445 1154 712 1200 lacessitur.
752 1156 1007 1214 praeterea
1047 1168 1141 1198 non
1181 1167 1280 1198 una
1318 1152 1506 1198 ratione
1546 1151 1731 1198 moveri
1771 1152 1915 1198 solet:

245 1243 401 1288 neque
443 1229 572 1274 enim
613 1231 753 1275 acute
792 1230 988 1273 tantum
1013 1241 1068 1273 ac
1093 1228 1311 1284 venuste,
1354 1224 1437 1271 sed
1469 1225 1631 1283 stulte,
1669 1224 1917 1281 iracunde,
1942 1240 1982 1271 15
2054 1279 2055 1282 Ἰ

243 1301 416 1348 timide
457 1301 588 1348 dicta
642 1316 698 1347 ac
745 1301 877 1347 facta
923 1299 1159 1357 ridentur,
1206 1298 1411 1358 ideoque
1460 1313 1634 1357 anceps
1689 1299 1792 1345 eius
1844 1299 1917 1344 rei

184 1374 214 1418 8
246 1377 375 1421 ratio
415 1378 501 1433 est,
550 1374 679 1435 quod
727 1390 754 1420 a
802 1373 965 1421 derisu
1011 1389 1110 1420 non
1164 1373 1333 1433 procul
1373 1371 1511 1418 abest
1548 1373 1687 1418 risus.
1731 1367 1913 1417 ‘habet’

245 1448 388 1506 enim,
429 1451 484 1494 ut
524 1446 690 1494 Cicero
731 1447 866 1506 dicit,
908 1443 1091 1494 ‘sedem
1124 1446 1173 1491 in
1198 1445 1509 1492 deformitate
1535 1444 1703 1506 aliqua
1736 1448 1784 1492 01
1814 1447 1915 1491 tur-

245 1518 503 1583 pitudine’,
529 1537 653 1582 quae
686 1536 796 1567 cum
827 1523 878 1567 in
912 1520 1021 1567 aliis
1055 1520 1466 1577 demonstrantur,
1498 1517 1768 1577 urbanitas,
1808 1533 1918 1565 cum

244 1596 294 1641 in
334 1595 464 1655 ipsos
506 1595 710 1642 dicentis
749 1594 986 1653 recidunt,
1026 1593 1240 1640 stultitia
1282 1595 1495 1640 vocatur.
1941 1607 1982 1638 20
2042 1636 2048 1646 ,

358 1668 478 1715 Cum
517 1668 744 1715 videatur
783 1670 947 1714 autem
984 1682 1060 1714 res
1099 1667 1220 1713 levis
1255 1671 1302 1712 et
1344 1681 1468 1727 quae
1503 1665 1562 1711 ab
1596 1665 1788 1724 scurris,
1827 1665 1916 1712 mi-

244 1742 352 1800 mis,
390 1742 734 1803 insipientibus
775 1742 983 1823 denique
1038 1755 1180 1801 saepe
1234 1742 1504 1797 moveatur,
1550 1742 1716 1786 tamen
1770 1719 1918 1786 babet

245 1818 346 1863 vim
385 1817 545 1863 nescio
587 1831 648 1861 an
688 1815 1140 1876 imperiosissimam
1188 1816 1236 1860 et
1283 1813 1361 1860 cui
1406 1813 1672 1874 repugnari
1717 1811 1916 1859 minime

184 1887 216 1930 9
247 1892 422 1950 potest.
465 1891 677 1950 erumpit
717 1889 865 1935 etiam
902 1888 1072 1935 invitis
1113 1902 1272 1948 saepe,
1323 1901 1409 1933 nec
1456 1887 1620 1933 vultus
1667 1885 1810 1932 modo
1862 1900 1917 1932 ac

244 1963 376 2010 vocis
417 1965 645 2024 exprimit
685 1963 1050 2021 confessionem,
1090 1961 1174 2008 sed
1204 1963 1367 2007 totum
1400 1975 1573 2021 corpus
1605 1960 1656 2007 vi
1688 1974 1774 2006 sua
1808 1974 1917 2006 con·
1942 1974 1983 2005 25

246 2039 380 2083 cutit.
421 2052 583 2083 rerum
624 2039 788 2082 autem
827 2051 985 2096 saepe,
1032 2038 1087 2081 ut
1134 2035 1248 2092 dixi,
1296 2034 1621 2080 maximarum
1669 2036 1918 2080 momenta

158 2107 221 2151 10
245 2111 407 2168 vertit,
447 2113 503 2156 ut
542 2125 650 2156 cum
691 2109 856 2157 odium
895 2111 1115 2169 iramque
1158 2109 1548 2168 frequentissime
1581 2107 1791 2170 frangat.
1834 2106 1916 2153 do-

247 2187 470 2230 cumento
503 2188 615 2230 sunt
648 2184 846 2230 iuvenes
880 2183 1148 2240 Tarentini,
1189 2183 1273 2242 qui
1305 2181 1462 2227 multa
1495 2180 1552 2227 de
1583 2195 1696 2242 rege
1729 2179 1916 2240 Pyrrho

246 2259 443 2318 sequius
483 2258 612 2303 inter
644 2273 812 2304 cenam
843 2256 1009 2305 locuti.
1051 2271 1157 2302 cum
1190 2256 1431 2301 rationem
1465 2254 1584 2301 facti
1608 2268 1916 2315 reposceren-

367 2417 418 2454 18
453 2411 518 2454 De
552 2415 664 2454 orat.
701 2417 739 2463 2,
774 2415 843 2464 58,
878 2415 961 2452 236

365 2565 389 2602 5
409 2559 530 2614 quod
549 2559 602 2601 ed
623 2560 784 2613 Camp:
813 2558 957 2613 quid.
987 2557 1111 2611 quod
1137 2564 1203 2600 11ς
1235 2555 1346 2612 quid
1372 2563 1533 2597 -’11.“Ρ1
1649 2558 1671 2595 7
1690 2555 1774 2598 secl
1799 2554 1917 2597 Voll-

245 2632 337 2661 mer
365 2621 369 2673 Ι
397 2617 502 2675 1100]
531 2631 582 2660 ac
603 2617 663 2659 Ρ·
681 2618 740 2660 ad
756 2617 844 2660 hoc
861 2619 1073 2660 Burman
1197 2621 1246 2657 11
1274 2612 1570 2657 inenanabili
1589 2613 1815 2670 Spalding

248 2682 302 2719 14
327 2678 479 2718 tractu
507 2685 587 2718 Ρ1
584 2684 649 2719 11;
684 2679 814 2718 tactu
838 2684 916 2717 «10
943 2677 948 2728 1
975 2689 1068 2717 una
1092 2673 1271 2716 ratione
1299 2682 1354 2715 1²:
1388 2675 1441 2715 ut
1464 2672 1729 2715 narratione
1754 2679 1873 2713 AG!
1871 2678 1921 2713 11

250 2735 254 2792 Ι
293 2735 408 2778 solet
443 2735 503 2776 1¹²
515 2754 522 2777 :
557 2735 703 2778 soleat
734 2742 866 2776 lon
894 2734 1043 2777 solent
1075 2741 1107 2774 1
1222 2738 1272 2774 21
1310 2732 1367 2774 ab
1394 2731 1559 2774 scurris
1585 2739 1671 2781 49:
1698 2745 1725 2772 a
1748 2731 1916 2773 scurris

246 2802 291 2836 P
320 2794 377 2837 ab
403 2794 546 2836 curris
575 2803 610 2835 G
642 2795 700 2836 ab
733 2793 937 2836 obscuris
977 2800 1073 2845 1,11
1102 2795 1182 2847 (om
1219 2791 1294 2846 ab)
1428 2795 1482 2832 22
1514 2793 1669 2832 tamen
1704 2788 1784 2832 1³²:
1817 2793 1917 2831 tum

245 2854 327 2896 rell
419 2858 473 2895 24
498 2868 574 2894 1111
580 2853 658 2896 itis
678 2854 871 2909 Reyzus:
894 2851 1064 2894 invitus
1158 2855 1211 2892 29
1239 2849 1423 2904 sequius
1447 2857 1504 2891 A:
1532 2848 1734 2892 securius
1754 2854 1922 2889 GKH?
