2007 3120
204 76 272 128 36
698 74 1071 126 QVINTILIANI
1101 74 1251 117 INST.
1287 73 1378 117 ΟΒ.

201 215 486 261 diversitate
547 214 911 273 pronominum,
972 214 1387 272 interiectionum,
1454 214 1873 273 praepositionum

201 288 434 334 accident.
489 288 563 333 est
613 288 760 332 etiam
807 286 1118 333 soloecismus
1158 288 1210 331 in
1250 287 1470 333 oratione
1508 287 1872 346 eonprensionis

200 362 343 408 unius
384 361 689 420 sequentium
722 374 777 405 ac
807 360 1027 418 priorum
1059 361 1188 405 inter
1223 374 1272 406 se
1302 360 1645 406 inconveniens
1678 359 1873 419 positio.

114 439 176 484 52
203 433 443 494 quaedam
480 435 643 479 tamen
684 435 732 478 et
763 432 937 482 faciem
971 432 1245 479 soloecismi
1275 432 1455 478 liabent
1487 434 1535 478 et
1567 431 1665 478 dici
1694 433 1875 479 vitiosa

201 523 298 553 non
336 508 556 567 possunt,
594 508 653 552 ut
694 502 966 567 ‘tragoedia
1005 501 1276 565 Thyestes',
1316 507 1371 552 ut
1410 501 1534 551 ‘ludi
1571 505 1788 552 Floralia
1821 518 1875 550 ac

201 575 543 641 Megalensia':
599 594 898 639 quamquam
944 578 1062 624 haec
1102 580 1326 638 sequenti
1363 581 1580 638 tempore
1619 577 1875 624 intercide-

200 656 317 699 runt
353 668 622 712 numquam
661 652 806 698 aliter
845 667 873 698 a
915 651 1154 699 veteribus
1195 652 1339 699 dicta.
1388 651 1687 699 schemata
1723 652 1877 712 igitur

200 726 597 785 nominabuntur,
644 725 978 785 frequentiora
1017 725 1214 785 quidem
1255 724 1384 786 apud
1423 727 1608 785 poetas,
1648 723 1733 771 sed
1771 738 1876 770 ora-

117 807 179 851 53
204 799 392 847 toribus
433 815 625 860 quoque
664 800 915 859 permissa.
970 814 1139 845 verum
1179 799 1373 845 schema
1412 799 1510 844 fere
1549 797 1750 844 habebit
1789 796 1877 843 ali-

204 889 352 934 quam
397 874 651 931 rationem,
698 874 754 917 ut
800 871 1077 918 docebimus
1126 888 1196 930 eo,
1243 887 1388 932 quem
1426 871 1574 932 panio
1615 873 1728 918 ante
1765 885 1876 930 pro·
1904 913 1920 917 ,

202 948 439 1005 misimus,
486 946 607 1004 loco,
659 945 742 992 sed
787 945 866 992 hic
916 960 1108 1006 quoque
1163 945 1293 1005 quod
1332 946 1526 992 schema
1564 946 1782 1003 vocatur,
1836 945 1880 991 si

204 1020 263 1066 ab
313 1019 480 1080 aliquo
528 1035 614 1079 per
652 1018 1018 1080 inprudentiam
1063 1018 1248 1065 factum
1287 1020 1394 1077 erit,
1441 1018 1717 1066 soloecismi
1754 1018 1878 1063 vitio

117 1100 180 1146 54
204 1109 300 1139 non
342 1092 539 1139 carebit.
608 1094 660 1138 in
707 1091 873 1139 eadem
921 1093 1079 1152 specie
1119 1094 1246 1150 sunt,
1294 1091 1375 1139 sed
1416 1092 1659 1139 schemate
1699 1092 1879 1149 carent,

203 1170 260 1213 ut
299 1182 448 1226 supra
486 1166 601 1224 dixi,
641 1167 841 1212 nomina
879 1165 1116 1212 feminina
1157 1166 1333 1225 quibus
1373 1180 1531 1212 mares
1571 1167 1791 1222 utuntur,
1831 1166 1880 1210 et

204 1240 451 1286 neutralia
491 1239 667 1300 quibus
708 1240 933 1286 feminae.
1001 1239 1235 1286 hactenus
1277 1238 1333 1285 de
1374 1239 1684 1286 soloecismo:
1723 1252 1880 1297 neque

206 1315 336 1360 enim
376 1317 532 1360 artem
572 1314 945 1375 grammaticam
984 1328 1269 1373 componere
1311 1312 1530 1374 adgressi
1568 1327 1749 1371 sumus,
1797 1309 1881 1357 sed

209 1402 317 1433 cum
348 1388 401 1432 in
433 1386 652 1433 ordinem
684 1388 964 1445 incurreret,
997 1387 1343 1433 inhonoratam
1374 1387 1585 1432 transire
1617 1385 1880 1431 noluimus.

119 1469 181 1512 55
318 1460 423 1507 Hoc
463 1460 689 1520 amplius,
729 1462 785 1505 ut
814 1461 1102 1507 institutum
1135 1459 1351 1506 ordinem
1386 1474 1576 1520 sequar,
1615 1457 1764 1504 verba
1795 1459 1882 1503 aut

209 1533 388 1580 Latina
436 1536 521 1579 aut
566 1535 824 1595 peregrina
864 1536 989 1580 sunt.
1061 1534 1316 1595 peregrina
1362 1547 1507 1592 porro
1555 1547 1611 1578 ex
1658 1530 1881 1578 omnibus

206 1623 358 1668 prope
413 1607 617 1653 dixerim
669 1607 893 1669 gentibus
944 1610 999 1652 ut
1049 1607 1291 1664 homines,
1346 1609 1400 1652 ut
1450 1606 1683 1652 instituta
1734 1605 1883 1651 etiam

121 1689 184 1733 56
208 1681 366 1727 multa
404 1682 652 1727 venerunt.
694 1683 832 1727 taceo
873 1680 930 1726 de
964 1680 1132 1727 Tuscis
1167 1683 1215 1726 et
1248 1679 1442 1726 Sabinis
1473 1682 1522 1725 et
1553 1678 1883 1725 Praenestinis

209 1770 402 1815 quoque
443 1747 580 1818 (nam
619 1758 674 1800 ut
713 1770 879 1801 eorum
911 1769 1131 1801 sermone
1162 1756 1380 1800 utentem
1411 1753 1635 1799 Vettium
1665 1751 1883 1798 Lucilius

208 1830 499 1887 insectatur,
555 1843 699 1887 quem
754 1827 815 1874 ad
869 1827 1065 1874 modum
1120 1826 1280 1874 Pollio
1334 1826 1585 1887 reprendit
1637 1827 1689 1871 in
1742 1823 1884 1870 Livio

209 1895 643 1965 Patavinitatemjz
691 1901 805 1947 licet
844 1902 1009 1947 omnia
1046 1901 1224 1947 Italica
1261 1916 1350 1960 pro
1390 1900 1624 1946 Romanis
1663 1897 1884 1944 habeam.

123 1983 182 2027 57
210 1975 423 2035 plurima
481 1973 669 2020 Gallica
732 1974 1020 2020 evaluerunt
1073 1976 1129 2020 ut
1184 1970 1368 2020 ‘raeda’
1426 1988 1482 2019 ac
1536 1966 1885 2033 ‘petorritum',

213 2064 418 2108 quorum
470 2048 624 2094 altero
674 2051 839 2094 tamen
889 2046 1069 2106 Cicero,
1121 2048 1275 2094 altero
1322 2047 1556 2094 Horatius
1603 2047 1775 2091 utitur.
1837 2047 1885 2090 et

213 2116 480 2182 ‘mappam’
522 2123 648 2168 circo
690 2137 880 2181 quoque
919 2123 1161 2169 usitatum
1199 2136 1374 2168 nomen
1413 2119 1565 2167 Poeni
1603 2118 1698 2166 sibi
1727 2117 1884 2164 vindi-

214 2198 341 2254 cant,
395 2198 443 2241 et
498 2190 732 2257 ‘gurdos',
790 2210 909 2254 quos
961 2211 1048 2255 pro
1100 2195 1292 2242 stolidis
1346 2195 1524 2254 accipit
1574 2192 1774 2254 vulgus,
1829 2207 1887 2237 ex

126 2277 188 2322 58
213 2268 457 2329 Hispania
505 2268 697 2316 duxisse
743 2268 982 2330 originem
1031 2268 1210 2314 audivi.
1280 2267 1363 2315 sed
1401 2268 1521 2314 haec
1562 2265 1738 2313 divisio
1778 2279 1886 2311 mea

215 2342 276 2388 ad
309 2340 545 2389 Graecum
578 2357 850 2389 sermonem
881 2344 1141 2403 praecipue
1173 2343 1410 2402 pertinet,
1449 2355 1562 2387 nam
1595 2342 1644 2386 et
1673 2340 1886 2385 maxima

216 2431 271 2461 ex
309 2417 450 2476 parte
489 2415 739 2462 Romanus
777 2415 890 2462 inde
930 2430 1188 2463 conversus
1222 2417 1310 2474 est,
1350 2417 1397 2461 et
1429 2413 1660 2460 confessis
1696 2426 1888 2473 quoque

335 2555 484 2612 22frg.
499 2560 610 2598 1322
622 2555 752 2597 Marx
764 2582 816 2586 -
829 2560 882 2598 26
893 2555 942 2597 Ρ.
955 2554 1050 2597 Mil.
1066 2560 1132 2607 10,
1145 2554 1371 2597 28—Sat.
1385 2558 1474 2607 1,6,
1489 2552 1685 2608 1043Ep.
1699 2556 1738 2605 2,
1752 2557 1790 2604 1,
1804 2555 1885 2594 192

336 2693 360 2730 2
395 2688 614 2731 accidunt
646 2691 761 2743 BP}
791 2687 932 2730 etiam
964 2695 1068 2730 BP:
1103 2687 1224 2729 enim
1256 2695 1292 2728 Α
1414 2690 1438 2728 5
1469 2687 1523 2728 ut
1552 2684 1652 2727 ludi
1675 2683 1755 2727 A2:
1787 2683 1890 2726 ludi

218 2748 276 2789 ΑΙ
320 2750 367 2790 et
403 2747 504 2789 ludi
543 2755 631 2789 BP
779 2752 829 2789 11
864 2746 940 2788 1110
970 2754 1074 2788 ΒΡ;
1119 2746 1168 2787 id
1200 2753 1237 2786 A
1388 2748 1560 2787 22—24
1596 2744 1890 2800 parenthesin

218 2807 473 2863 siynz'ficavi
504 2807 555 2859 cf
581 2807 705 2849 Illas.
740 2807 881 2850 Rhen.
919 2809 1030 2848 1905
1063 2819 1106 2860 p.
1143 2809 1226 2846 ⁴242
1362 2807 1416 2845 23
1451 2802 1696 2858 deprendit
1726 2809 1771 2844 Β
1812 2802 1889 2845 de-

219 2864 470 2922 prehendit
501 2872 545 2907 P
