2012 3151
236 94 344 146 340
728 93 1102 145 QVINTILIANI
1133 94 1282 138 INST.
1317 94 1408 138 ΟΒ.

234 229 586 293 ‘Serapionem'
621 247 723 280 esse
757 233 995 280 dixerunt.
1037 232 1119 280 sed
1151 248 1208 279 ea
1241 249 1337 281 non
1371 234 1430 280 ab
1455 235 1732 282 hominibus
1756 235 1900 283 modo

228 307 427 367 petitur,
467 322 635 353 verum
661 307 811 352 etiam
837 306 896 352 ab
930 306 1237 365 animalibus,
1276 311 1332 353 ut
1363 308 1502 355 nobis
1534 310 1697 368 pueris
1727 308 1900 356 Iunius

141 379 202 423 58
228 380 423 438 Bassus,
463 379 604 426 homo
644 381 697 425 in
719 380 892 440 primis
925 379 1078 438 dicax,
1120 375 1303 426 ‘asinus
1336 377 1495 427 albus'
1538 382 1820 440 vocabatur,
1854 384 1902 428 et

230 452 513 499 Sarmentus
540 469 565 495 *
593 468 617 494 *
646 468 669 495 *
704 454 830 500 sicut
854 451 908 498 P.
937 453 1161 500 Blaesius
1188 453 1386 512 Iulium,
1421 454 1669 500 hominem
1704 455 1901 517 nigrum

229 528 277 572 et
315 541 534 572 macrum
566 527 614 571 et
645 525 880 586 pandum,
922 521 1140 572 ‘fibulam
1172 522 1398 573 ferream’
1432 527 1569 574 dixit.
1610 528 1741 588 quod
1773 543 1900 575 nunc

141 600 203 643 59
230 598 355 645 risus
394 598 593 659 petendi
633 613 784 660 genus
824 599 1276 659 frequentissimum
1309 603 1393 647 est.
1436 600 1694 647 adhibetur
1734 609 1900 648 autem

227 672 497 719 similitudo
537 672 736 718 interim
774 672 956 732 palam,
1004 673 1200 719 interim
1249 673 1396 720 inseri
1444 674 1569 720 solet
1614 673 1901 734 parabolae:

227 747 364 793 cuius
404 749 477 792 est
516 747 707 807 generis
745 745 871 791 illud
910 746 1138 807 Augusti,
1179 746 1262 806 qui
1294 747 1444 793 militi
1476 746 1699 793 libellum
1729 747 1901 794 timide

226 819 518 880 porrigenti:
561 814 717 877 ‘noli',
756 819 932 879 inquit,
975 815 1245 879 ‘tamquam
1286 835 1439 866 assem
1483 820 1742 880 elephanto
1783 816 1900 868 des'.

139 894 202 937 60
227 895 341 939 sunt
379 892 618 952 quaedam
654 888 690 952 ’ἶ-
730 894 780 938 vi
818 893 1022 951 similia,
1063 892 1189 938 unde
1230 893 1459 940 Vatinius
1501 893 1623 940 dixit
1661 894 1753 941 hoo
1801 894 1900 940 dic-

226 968 345 1024 tum,
387 980 495 1011 cum
534 981 644 1012 reus
685 969 858 1027 agente
898 968 950 1012 in
990 982 1100 1013 eum
1141 965 1292 1013 Calvo
1334 968 1545 1014 frontem
1576 967 1783 1014 candido
1823 983 1899 1015 su-

229 1038 365 1086 dario
404 1042 617 1101 tergeret
655 1039 802 1099 idque
841 1041 1003 1099 ipsum
1043 1043 1295 1086 aecusator
1326 1040 1376 1085 in
1409 1041 1647 1087 invidiam
1678 1044 1899 1088 vocaret:

228 1108 471 1172 ‘quamvis
504 1128 613 1159 reus
647 1107 788 1172 sum’,
819 1112 996 1173 inquit,
1031 1109 1098 1159 ‘et
1121 1128 1297 1173 panem
1330 1115 1449 1159 item
1481 1113 1743 1160 candidum
1775 1110 1898 1161 edo'.

138 1187 196 1230 61
227 1185 385 1231 adhuc
425 1189 498 1232 est
537 1185 765 1232 subtilior
801 1186 888 1232 illa
930 1202 985 1232 ex
1026 1187 1176 1233 simili
1207 1186 1482 1245 translatio,
1523 1202 1646 1245 oum,
1687 1187 1816 1248 quod
1847 1190 1899 1233 in

227 1260 326 1305 alia
364 1275 415 1305 re
455 1258 560 1306 fieri
598 1259 736 1318 solet,
787 1261 838 1305 in
887 1260 1034 1305 aliam
1086 1263 1380 1306 mutuamur.
1437 1276 1494 1306 ea
1541 1260 1732 1307 dicatur
1782 1275 1898 1308 sane

226 1332 372 1391 fictio,
419 1336 475 1378 ut
516 1331 834 1394 Chrysippus,
891 1348 999 1379 cum
1047 1335 1097 1378 in
1151 1333 1402 1394 triumpho
1449 1332 1670 1381 Caesaris
1726 1334 1899 1381 eborea

227 1406 409 1467 oppida
451 1410 610 1453 essent
648 1406 893 1453 translata
933 1410 980 1453 et
1018 1410 1130 1467 post
1170 1407 1272 1453 dies
1313 1422 1493 1467 paucos
1535 1407 1657 1454 Fabi
1697 1407 1901 1454 Maximi

226 1480 411 1541 lignea,
500 1475 683 1526 ‘thecas
770 1495 872 1526 esse
957 1480 1248 1540 oppidorum
1328 1476 1568 1528 Caesaris’
1638 1480 1774 1527 dixit.
1853 1483 1900 1528 et

227 1552 356 1599 Pedo
419 1553 476 1599 de
526 1553 852 1614 myrmillone,
915 1555 1003 1614 qui
1056 1555 1309 1600 retiarium
1374 1553 1760 1614 consequebatur
1812 1570 1898 1601 nec

138 1627 198 1671 62
226 1627 455 1673 feriebat:
497 1622 718 1685 ‘vivum',
757 1629 932 1687 inquit,
975 1623 1165 1687 ‘capere
1206 1623 1346 1674 vult’.
1387 1630 1607 1690 iungitur
1647 1627 1897 1689 amphibo-

226 1701 322 1746 liae
371 1700 664 1758 similitudo,
715 1703 772 1746 ut
812 1716 839 1746 a
881 1699 1065 1758 Gabba,
1121 1703 1206 1761 qui
1244 1702 1397 1761 pilam
1452 1701 1764 1763 neglegenter
1816 1717 1898 1762 pe-

227 1775 380 1820 tenti:
424 1770 547 1832 ‘sic’,
587 1775 763 1835 inquit,
806 1771 966 1834 ‘petis,
1014 1778 1269 1835 tamquam
1310 1776 1531 1822 Caesaris
1571 1771 1897 1822 candidatus'.

228 1863 341 1893 nam
388 1847 514 1893 illud
555 1843 718 1907 ‘petis'
762 1848 1041 1909 ambiguum
1100 1851 1185 1906 est,
1237 1850 1472 1895 securitas
1524 1848 1712 1895 similis.
1767 1848 1897 1909 quod

139 1921 201 1964 63
230 1921 463 1968 hactenus
505 1922 772 1967 ostendisse
813 1923 933 1968 satis
974 1925 1061 1968 est.
1101 1925 1314 1968 ceterum
1347 1922 1746 1982 frequentissima
1778 1923 1897 1969 alio-

226 2011 334 2040 rum
374 2010 605 2057 generum
646 2010 754 2041 oum
796 1996 906 2041 aliis
946 1997 1159 2041 mixtura
1200 1999 1285 2053 est,
1326 2011 1479 2056 eaque
1520 1997 1720 2056 optima,
1772 2010 1896 2056 quae
1923 2013 1940 2043 ε

227 2085 283 2113 ex
337 2067 558 2128 pluribus
615 2072 818 2116 constat.
872 2068 1040 2115 eadem
1095 2069 1406 2115 dissimilium
1460 2071 1587 2116 ratio
1644 2072 1729 2116 est.
1784 2069 1896 2115 hine

227 2157 373 2203 eques
414 2142 678 2201 Romanus,
734 2142 795 2188 ad
850 2158 995 2202 quem
1048 2144 1098 2188 in
1147 2143 1437 2202 spectaculis
1491 2142 1737 2189 bibentem
1789 2158 1897 2189 cum

347 2302 368 2338 1
415 2295 710 2352 Serapionem
768 2298 921 2340 Valla:
983 2297 1258 2340 serationem
1308 2306 1340 2338 Α
1397 2301 1442 2340 et
1494 2298 1770 2340 serationem
1813 2305 1902 2339 GM

228 2355 501 2410 syricionem
548 2363 579 2396 ῐ·
752 2361 779 2399 4
819 2357 1026 2399 lacunam
1077 2358 1290 2407 indicavi,
1337 2357 1493 2411 supple
1540 2359 1586 2398 et
1632 2356 1896 2399 Sarmentus

229 2415 481 2471 <Messium
514 2413 735 2457 Cicirrum
767 2428 883 2469 equo
917 2415 1010 2458 fero
1045 2416 1339 2471 comparavit.
1375 2415 1558 2458 ducitur
1589 2418 1634 2457 et
1659 2414 1716 2457 ab
1749 2415 1897 2457 inani-

227 2474 348 2529 mis>
386 2474 437 2526 cf
458 2488 493 2528 p
520 2479 617 2526 277,
655 2479 708 2515 22
734 2479 774 2516 et
799 2475 990 2517 Horatii
1019 2481 1101 2518 sat.
1132 2475 1150 2516 Ι
1175 2480 1214 2526 5,
1252 2479 1305 2516 56
1335 2488 1383 2528 sq
1411 2477 1415 2527 Ι
1445 2474 1564 2516 sicut
1593 2473 1640 2516 P.
1668 2473 1896 2532 Blaesius]

228 2546 307 2574 seu
332 2547 374 2586 p.
407 2531 603 2575 blessius
640 2541 717 2574 AG
746 2546 826 2575 seu
853 2548 896 2588 p.
930 2533 1070 2576 blesis
1093 2541 1141 2575 M
1163 2546 1243 2576 seu
1276 2548 1316 2588 p.
1351 2533 1527 2576 blessus
1562 2532 1893 2587 P‚1'(blesus){

227 2591 405 2632 iunium
445 2598 567 2633 VMP
595 2591 785 2640 (vinium
826 2597 908 2645 1²2)
1032 2598 1054 2634 7
1090 2592 1274 2634 interim
1317 2591 1455 2634 inseri
1491 2592 1680 2648 Regulus:
1712 2591 1897 2634 interim

229 2649 345 2692 serio
387 2657 429 2691 P
456 2650 624 2692 inserio
655 2650 840 2692 interim
880 2650 928 2691 ΓΞ
953 2651 1087 2705 (serio
1112 2651 1194 2693 int.
1230 2650 1292 2704 1'1)
1326 2651 1442 2693 serio
1475 2658 1607 2692 ΛΕΜ
1722 2654 1748 2693 8
1779 2650 1897 2692 illud

230 2709 393 2752 Halm:
423 2708 471 2750 id
504 2717 586 2750 Pl·
611 2723 680 2752 om
711 2717 844 2751 ΛΕΜ
989 2714 1013 2752 9
1046 2709 1275 2761 dubitare,
1307 2711 1546 2763 tamquam
1579 2717 1622 2751 P
1769 2713 1821 2752 10
1853 2709 1897 2750 vi

229 2775 360 2808 ΛΕΜ
385 2768 479 2809 veri
514 2775 594 2809 ΡΥ
634 2783 695 2810 an
736 2769 838 2811 vix?
990 2773 1042 2810 13
1074 2782 1240 2824 panem
1283 2769 1394 2811 item
1426 2768 1612 2822 Haupt:
1658 2781 1825 2824 panem
1859 2776 1902 2809 P

227 2828 466 2881 parentem
499 2834 668 2868 AGMV
781 2832 834 2869 21
870 2840 896 2869 a
922 2826 1085 2870 Gabba
1111 2828 1372 2871 Buecheler:
1396 2841 1423 2869 a
1446 2826 1588 2882 galba
1616 2834 1747 2869 GMP
1769 2827 1896 2883 agal-

227 2884 336 2927 bam
367 2892 400 2925 V
418 2897 444 2926 a
468 2883 497 2926 l.
523 2885 663 2941 galba
687 2894 724 2926 Α

1927 914 1968 943 10

1927 1279 1965 1310 15

1925 1641 2012 1676 20¹
