2055 3130
630 59 682 101 V.
717 65 756 112 5,
791 63 830 102 2.
866 64 905 111 6,
942 63 1068 101 1-6,
1104 63 1143 113 τ,
1178 63 1305 101 1—5.
1694 60 1803 111 239

116 200 320 246 dubium
360 201 588 260 cuiquam
627 199 919 259 relinquere,
960 214 1022 245 an
1061 199 1310 258 peierarit.
1353 197 1438 244 sed
1461 197 1601 244 nobis
1635 198 1800 245 adule-
1833 199 1865 242 6

117 273 364 321 scentibus
406 275 621 320 seniores
660 274 714 319 in
753 272 943 334 agendo
982 272 1106 318 facti
1143 273 1425 332 praecipere
1465 271 1705 330 solebant,
1744 288 1803 318 ne

116 363 217 408 qua
248 363 484 408 umquam
506 349 583 394 ius
607 345 871 393 iurandum
898 346 1211 404 deferremus,
1236 347 1362 391 sicut
1386 360 1543 405 neque
1570 346 1706 405 optio
1730 347 1805 392 iu-

117 421 238 468 dicis
281 420 562 467 adversario
605 424 733 467 esset
770 419 1103 480 permittenda
1142 435 1231 466 nec
1264 435 1321 465 ex
1362 419 1614 466 advocatis
1646 422 1806 480 partis

72 512 91 542 5
118 495 352 542 adversae
391 494 538 541 iudex
579 494 847 557 eligendus.
903 510 1032 552 nam,
1074 495 1117 540 si
1156 494 1315 540 dicere
1365 493 1613 540 contraria
1658 496 1805 554 turpe

117 568 358 615 advocato
413 568 632 627 videtur,
698 571 825 615 certe
880 559 1075 629 turpius
1123 567 1405 614 habendum
1457 568 1618 614 facere
1675 568 1807 628 quod

113 645 301 689 noceat..

732 767 830 825 [DE
865 767 1187 825 TEsTIBcs]

225 863 335 911 VH.
375 864 619 911 Maximus
658 867 827 912 tamen
859 866 1082 925 patronis
1109 865 1238 911 eima,
1268 865 1620 911 testimonia
1655 863 1803 911 sudor
1835 864 1865 907 1

48 955 90 985 10
116 945 202 984 est.
245 954 300 985 ea
342 938 574 984 dicuntur
613 946 699 985 aut
738 955 826 999 per
864 938 1062 986 tabulas
1106 940 1193 984 aut
1233 954 1261 984 a.
1292 937 1648 999 praesentibus.
1690 940 1804 985 sim-

113 1012 292 1072 plicior
345 1015 516 1059 contra
569 1012 767 1060 tabulas
821 1029 1012 1074 pugnag
1068 1027 1184 1058 nam
1240 1014 1288 1058 et
1338 1013 1500 1058 minus
1556 1011 1804 1060 obstitisse

113 1086 310 1133 videtur
348 1086 506 1146 pudor
556 1088 687 1134 inter
736 1102 920 1148 paucos
969 1088 1244 1148 signatores
1295 1088 1344 1132 et
1388 1102 1478 1146 pro
1527 1085 1805 1133 diffidentia

112 1162 355 1221 premitur
396 1160 633 1208 absentia.
675 1162 718 1208 si
755 1160 1184 1222 reprehensionem
1223 1176 1321 1208 non
1362 1161 1496 1220 capit
1547 1162 1654 1221 ipsa
1694 1177 1802 1221 per-

115 1250 248 1294 sona,
287 1235 530 1281 infamare
571 1236 846 1297 signatores
886 1235 1016 1282 licet.
1064 1236 1221 1282 tacita
1260 1237 1516 1296 praeterea
1557 1234 1802 1295 quaedam
1833 1234 1864 1278 2

47 1326 88 1357 15
114 1310 354 1371 cogitatio
394 1310 676 1371 refragatur
714 1309 790 1355 his
831 1309 1070 1368 omnibus,
1126 1309 1260 1370 quod
1298 1324 1441 1355 nemo
1481 1324 1568 1369 per
1608 1309 1803 1356 tabulas

115 1383 200 1430 dat
238 1385 578 1430 testimonium
630 1386 728 1430 nisi
775 1400 863 1431 sua
910 1384 1192 1446 volimtate,
1243 1400 1340 1444 quo
1388 1385 1496 1443 ipso
1552 1399 1651 1429 non
1699 1398 1802 1430 esse

115 1459 328 1504 amicum
369 1459 415 1503 ei
453 1473 518 1516 se,
570 1460 740 1505 contra
783 1474 929 1519 quem
985 1458 1120 1517 dicit,
1169 1458 1369 1504 fatetur.
1425 1473 1583 1518 neque
1636 1465 1804 1504 tamen

112 1532 339 1593 protinus
379 1533 580 1579 cesserit
621 1534 801 1590 orator,
843 1547 938 1593 quo
978 1534 1140 1578 minus
1182 1535 1230 1578 et
1270 1533 1456 1578 amicus
1506 1547 1595 1592 pro
1646 1533 1803 1578 amico

114 1608 163 1652 et
201 1607 430 1652 inimicus
471 1612 643 1653 contra
681 1606 940 1653 inimicum
978 1606 1136 1667 possit
1173 1622 1359 1665 verum,
1407 1607 1450 1652 si
1495 1606 1690 1668 integra
1739 1607 1804 1653 sit

45 1696 88 1727 20
114 1679 159 1725 ei
197 1679 331 1739 fides,
372 1680 545 1726 dicere.
586 1680 671 1727 sed
710 1681 809 1727 late
849 1681 987 1727 locus
1026 1684 1235 1741 uterque
1273 1682 1533 1727 tractatur.

226 1752 349 1801 Cum
387 1754 727 1815 praesentibus
766 1771 882 1802 vero
922 1756 1097 1816 ingens
1145 1754 1397 1801 dimicatio
1447 1757 1543 1813 est,
1590 1754 1798 1815 ideoque
1831 1754 1863 1797 3

111 1829 250 1876 velut
289 1828 479 1889 duplici
518 1832 689 1875 contra
730 1845 810 1876 eos
851 1845 1037 1891 proque
1081 1830 1148 1875 eis
1190 1830 1293 1875 acie
1334 1828 1617 1891 confligitur
1650 1830 1802 1875 actio-

111 1919 229 1948 num
270 1905 318 1949 et
355 1904 815 1965 interrogationum.
857 1903 909 1949 in
950 1903 1226 1950 actionibus
1266 1902 1481 1964 primum
1505 1902 1804 1965 generaliter

110 1992 199 2037 pro
245 1976 453 2024 testibus
495 1980 641 2038 atque
679 1978 732 2024 in
770 1979 912 2024 testis
948 1977 1060 2041 ,dici
1099 1977 1235 2024 solet.
1294 1980 1340 2023 et
1393 1977 1473 2023 hic
1526 1977 1797 2024 communis
1830 1975 1864 2020 4

45 2067 86 2098 25
111 2051 263 2110 locus,
304 2067 416 2098 cum
453 2067 568 2112 pars
609 2052 766 2098 altera
805 2052 993 2098 nullam
1033 2051 1300 2098 firmiorem
1330 2051 1674 2112 probationem
1699 2067 1801 2099 esse

113 2125 381 2184 contendit,
414 2141 564 2186 quam
598 2142 722 2186 quae
756 2128 818 2173 sit
849 2126 1108 2173 hominum
1141 2127 1347 2172 scientia
1378 2125 1508 2185 nixa,
1551 2126 1707 2172 altera
1740 2126 1803 2172 ad

113 2199 463 2246 detrahendam
496 2200 599 2246 illis
632 2199 774 2246 fidem
811 2200 989 2259 omnia,
1029 2217 1119 2261 per
1151 2215 1275 2261 quae
1309 2199 1417 2246 fieri
1450 2199 1642 2247 soleant
1673 2200 1802 2247 falsa

110 2273 409 2333 testimonia⁷
450 2278 717 2321 enumerat.
770 2290 976 2335 sequens
1027 2275 1156 2321 ratio
1208 2275 1295 2333 est,
1351 2289 1460 2320 cum
1516 2275 1799 2334 specialiter
1831 2273 1862 2317 ὃ

113 2347 325 2408 quidem,
365 2348 450 2394 sed
488 2351 657 2395 tamen
695 2349 878 2396 multos
911 2350 1099 2409 pariter
1130 2348 1362 2395 invadere
1393 2350 1594 2409 patroni
1627 2349 1799 2395 solent.

48 2438 90 2469 30
115 2438 229 2467 nam
270 2424 319 2468 et
358 2422 580 2484 gentium
620 2423 767 2469 simul
807 2425 1151 2470 universarum
1191 2423 1382 2469 elevata
1421 2424 1708 2469 testimonia
1741 2422 1800 2469 ab

115 2495 391 2543 oratoribus
441 2498 620 2544 scimus
670 2499 719 2544 et
763 2500 872 2544 tota
928 2513 1108 2560 genera
1161 2496 1580 2544 testimoniorum:
1635 2500 1691 2543 ut
1743 2497 1801 2543 de

234 2642 256 2678 1
292 2637 509 2691 cuiquam
536 2645 580 2679 P
610 2638 688 2681 Vt:
721 2638 886 2693 cuique
912 2646 996 2680 AB
1116 2642 1228 2680 2—3
1263 2652 1412 2693 neque
1429 2652 1654 2692 umquam
1677 2645 1805 2679 ABP

112 2709 368 2749 numquam
384 2699 556 2740 temere
581 2698 638 2740 Vt
649 2712 682 2752 p
696 2702 796 2749 405,
813 2712 871 2740 ne
888 2711 1112 2752 umquam
1129 2698 1241 2741 Edcl
1331 2702 1360 2739 4
1378 2711 1476 2740 esse
1492 2705 1578 2739 AB
1593 2700 1663 2741 est
1677 2705 1729 2749 Ρ,
1749 2697 1802 2739 cle

122 2755 180 2797 Vt
209 2769 302 2797 non
333 2761 509 2799 constat
631 2762 654 2799 6
687 2757 873 2799 videtur
904 2764 949 2799 P
987 2758 1061 2800 Vt:
1102 2756 1338 2799 videretur
1368 2764 1453 2798 AB
1573 2762 1628 2799 14
1661 2769 1800 2811 quae-

115 2814 224 2856 dam
257 2814 480 2869 cogitatio
520 2823 578 2857 A:
621 2830 663 2869 q.
699 2816 1041 2872 significatione
1073 2824 1119 2858 B
1148 2817 1352 2870 quadam
1387 2815 1728 2871 significatione
1760 2823 1807 2857 P

235 2877 286 2915 17
322 2887 369 2916 se
403 2888 469 2917 om
502 2882 587 2916 ΔΡ
