2007 3120
186 61 258 112 40
690 61 1062 114 QVINTILIANI
1092 62 1240 106 INST.
1276 63 1367 106 ΟΒ.

128 203 157 246 3
190 202 254 246 sit
291 215 495 262 magnos
536 200 678 246 duces
718 200 1044 260 sequentibus.
1100 201 1394 248 consuetudo
1434 218 1547 249 vero
1588 203 1858 251 certissima

185 273 418 333 loquendi
455 275 708 335 magistra,
747 273 1077 333 utendumque
1117 274 1261 334 plane
1302 290 1519 322 sermone
1559 279 1615 322 ut
1644 292 1857 336 nummo,

186 346 262 392 cui
309 346 508 407 publica
553 347 711 393 forma
758 348 842 393 est.
913 348 1077 392 omnia
1123 352 1289 393 tamen
1334 349 1454 395 haec
1501 350 1700 411 exigunt
1748 365 1856 396 acre

183 419 436 478 iudicium,
485 420 763 482 analogia
808 421 1084 479 praecipue,
1132 436 1280 481 quam
1317 423 1534 481 proxime
1575 439 1631 469 ex
1671 421 1855 470 Graeco

129 494 159 537 4
191 493 538 539 transferentes
576 494 628 539 in
660 492 894 539 Latinum
924 495 1370 553 proportionem
1402 499 1711 542 vocaverunt.
1754 497 1857 543 eius
1904 513 1922 545 5

185 566 302 612 haec
349 567 422 612 vis
471 568 556 625 est,
603 568 661 612 ut
697 565 763 624 id,
812 566 942 625 quod
981 566 1182 613 dubium
1223 570 1308 626 est,
1356 567 1418 614 ad
1458 568 1643 629 aliquid
1684 569 1857 630 simile,

185 639 242 685 de
295 655 388 699 quo
439 655 537 685 non
589 640 854 699 quaeritur,
907 640 1090 685 referat
1140 642 1188 686 et
1238 641 1425 688 incerta
1476 641 1619 689 certis
1669 643 1856 703 probet.

184 712 314 773 quod
360 711 570 759 efficitur
616 712 800 772 duplici
846 713 948 758 via:
1011 715 1375 773 comparatione
1415 715 1650 761 similium
1687 717 1739 762 in
1780 732 1858 762 ex-

182 787 350 832 tremis
403 787 613 831 maxime
669 785 887 845 syllabis,
940 789 1141 846 propter
1195 786 1324 847 quod
1378 803 1449 847 ea,
1504 803 1626 848 quae
1673 792 1786 836 sunt
1833 806 1858 836 e

125 861 153 903 5
187 859 409 920 singulis,
447 861 690 921 negantur
726 858 903 906 habere
941 860 1197 918 rationem,
1237 863 1286 906 et
1323 860 1671 908 deminutione.
1733 878 1926 911 com-10

182 934 375 993 paratio
400 933 449 978 in
475 931 754 979 nominibus
779 934 866 978 aut
891 948 1041 995 genus
1067 933 1323 994 deprendit
1347 939 1434 980 aut
1458 934 1857 982 declinationem:

1980 865 1988 934 Ξ

183 1021 349 1067 genus,
389 1010 458 1063 ut,
499 1007 542 1052 si
582 1008 859 1066 quaeratur,
901 1001 1069 1053 ‘funis'
1110 1007 1434 1054 masculinum
1474 1008 1539 1055 sit
1578 1024 1638 1054 an
1665 1009 1857 1056 femini-

182 1096 312 1137 num,
353 1079 509 1126 simile
549 1079 626 1125 illi
664 1079 729 1126 sit
755 1074 956 1140 ‘panis'z
996 1080 1385 1140 declinationem,
1425 1084 1494 1140 ut,
1534 1083 1577 1128 si
1607 1084 1774 1128 veniat
1804 1083 1856 1128 in

183 1152 399 1212 dubium,
441 1149 549 1199 ‘hac
589 1147 754 1198 domu'
795 1152 1049 1200 dicendum
1091 1156 1155 1200 sit
1195 1170 1255 1200 an
1298 1150 1407 1200 ‘hac
1448 1150 1625 1214 domo’,
1666 1158 1714 1202 et
1753 1151 1856 1203 ‘do-

183 1222 366 1277 muum'
410 1241 472 1272 an
513 1221 820 1287 ‘domorum’,
871 1226 1053 1273 similia
1104 1228 1202 1274 sint
1251 1223 1440 1275 ‘domus
1488 1244 1608 1276 anus
1647 1224 1854 1277 manus'.
1883 1246 1922 1277 15

123 1304 153 1346 6
186 1299 454 1346 deminutio
493 1315 644 1361 genus
684 1300 826 1346 modo
866 1300 1066 1362 detegit,
1112 1304 1183 1360 ut,
1229 1317 1288 1347 ne
1329 1301 1389 1348 ab
1430 1301 1598 1348 eodem
1638 1303 1856 1363 exemplo

181 1373 425 1432 recedam,
481 1368 685 1419 ‘funem'
739 1374 1063 1420 masculinum
1127 1390 1230 1421 esse
1286 1370 1571 1423 ‘funiculus’
1627 1376 1853 1423 ostendit.

126 1451 148 1493 7
186 1447 350 1493 eadem
403 1447 455 1492 in
509 1446 668 1494 verbis
716 1462 907 1507 quoque
953 1449 1081 1494 ratio
1129 1448 1508 1508 comparationis,
1557 1451 1613 1495 ut
1659 1451 1701 1496 si
1749 1450 1857 1510 quis

181 1522 409 1580 antiquos
457 1522 649 1566 secutus
691 1515 914 1567 ‘fervere’
955 1521 1092 1567 brevi
1137 1522 1297 1567 media
1345 1521 1536 1581 syllaba
1582 1522 1729 1582 dicat,
1777 1523 1854 1569 de-

181 1594 449 1653 prendatur
487 1595 660 1640 vitiose
700 1593 850 1653 loqui,
897 1594 1026 1655 quod
1068 1596 1246 1653 omnia,
1293 1611 1417 1656 quae
1457 1611 1481 1642 e
1522 1598 1571 1642 et
1608 1611 1635 1642 o
1676 1596 1855 1644 litteris
1882 1611 1923 1643 20

182 1666 369 1713 fatendi
407 1667 551 1714 modo
583 1668 924 1727 terminantur,
964 1667 1147 1727 eadem,
1187 1670 1229 1715 si
1261 1670 1311 1714 in
1343 1668 1546 1716 infinitis
1580 1684 1604 1715 e
1636 1669 1856 1716 litteram

181 1741 342 1787 media
374 1741 567 1801 syllaba
600 1744 902 1800 acceperunt,
934 1742 1107 1801 utique
1138 1742 1429 1802 productam
1454 1742 1657 1789 habent:
1691 1738 1855 1804 ‘pran-

123 1816 151 1860 8
185 1814 272 1860 deo
313 1814 499 1874 pendeo
540 1814 752 1875 spondeo
791 1814 1029 1874 prandere
1068 1815 1277 1875 pendere
1316 1811 1588 1876 spondere’.
1640 1818 1692 1863 at
1730 1833 1855 1878 quae

181 1902 208 1933 o
249 1887 403 1934 solam
442 1888 637 1947 habent,
678 1887 937 1935 dummodo
977 1904 1064 1949 per
1096 1889 1297 1935 eandem
1328 1890 1548 1936 litteram
1577 1891 1629 1935 in
1660 1889 1853 1937 infinito

182 1964 367 2019 exeant,
414 1960 581 2008 brevia
627 1961 771 2007 fiunt:
820 1957 947 2024 ‘lego
996 1961 1103 2009 dico
1151 1978 1290 2010 curro
1337 1963 1498 2024 legere
1545 1962 1703 2010 dicere
1749 1979 1853 2010 cur-
1880 1979 1920 2011 25

179 2029 318 2093 rere’,
358 2035 551 2082 etiamsi
592 2038 666 2082 est
705 2035 837 2095 apud
876 2035 1141 2082 Lucilium:

257 2104 422 2154 ‘fervit
462 2124 590 2168 aqua
631 2110 680 2155 et
719 2109 894 2155 fervet:
934 2109 1082 2155 fervit
1105 2125 1247 2167 nunc,
1278 2110 1434 2156 fervet
1466 2106 1776 2156 ad.annum'.

181 2181 264 2228 sed
296 2196 413 2241 pace
446 2181 603 2229 dicere
635 2182 844 2229 hominis
879 2182 1197 2229 eruditissimi
1226 2183 1392 2230 liceat:
1426 2183 1468 2230 si
1494 2179 1675 2230 ‘fervit'
1708 2186 1855 2244 putat

122 2256 152 2299 9
183 2255 260 2300 illi
291 2255 449 2302 simile
485 2251 673 2303 ‘currit’
709 2258 757 2301 et
791 2251 964 2318 ‘legit’,
999 2251 1170 2302 ‘fervo'
1197 2256 1326 2303 dicet
1349 2260 1405 2303 ut
1422 2252 1567 2319 ‘lego'
1589 2261 1638 2304 et
1656 2253 1852 2315 ‘curro',

182 2328 311 2388 quod
357 2328 496 2375 nobis
542 2328 819 2375 inauditum
867 2331 953 2376 est.
1026 2326 1126 2376 ‘sed
1167 2346 1263 2376 non
1304 2334 1377 2377 est
1414 2330 1533 2377 haec
1571 2345 1686 2376 vera
1725 2346 1852 2377 com-
1876 2347 1919 2378 30

181 2402 394 2462 paratio:
455 2418 568 2448 nam
609 2397 794 2449 ‘fervit’
835 2405 909 2450 est
946 2403 1023 2449 illi
1061 2403 1219 2450 simile
1262 2398 1483 2450 ‘servit'.’
1557 2420 1704 2464 quam
1741 2420 1852 2464 pro-

299 2561 352 2598 26
384 2556 447 2598 IX
477 2571 503 2598 v
537 2560 619 2599 357
654 2556 785 2598 Marx

301 2738 322 2775 1
358 2732 418 2774 sit
450 2733 617 2775 Halm:
656 2735 726 2775 est
884 2737 938 2776 10
969 2733 1140 2777 habere
1174 2733 1534 2789 Capperonnier:
1567 2734 1731 2777 debere

183 2797 234 2834 15
269 2792 430 2834 domus
462 2793 546 2834 secl
577 2791 640 2833 H.
676 2793 834 2848 Meyer
962 2797 1016 2835 16
1048 2795 1101 2835 ut
1140 2793 1326 2836 Usener.-
1358 2795 1404 2835 et
1540 2797 1594 2834 22
1624 2795 1678 2835 ut
1707 2807 1844 2848 pran—

181 2851 265 2893 deo
298 2858 334 2891 A
455 2854 508 2892 ‘29
543 2849 657 2893 dicit
687 2858 723 2891 Α
