2007 3120
220 101 289 153 86
719 99 1092 152 QVINTILIANI
1121 100 1187 143 IN
1191 100 1271 144 sT.
1307 99 1397 144 ΟΒ.

217 238 431 286 minetur
467 239 520 284 in
559 238 830 286 adfectibus
871 241 1018 299 atque
1057 239 1109 285 in
1146 242 1346 300 pectora
1368 239 1619 300 inrumpat
1643 239 1885 286 animum-

161 320 191 363 9
218 328 310 373 que
349 312 563 359 iudicum
590 311 798 358 similem
822 312 913 371 his,
953 328 1079 372 quae
1104 312 1236 372 dicit,
1262 312 1456 359 efficiat.
1497 315 1601 359 tum
1626 312 1677 358 in
1692 314 1884 360 ratione

218 385 490 446 eloquendi,
532 385 662 445 quod
699 384 903 431 verbum
940 385 1206 445 proprium,
1253 387 1494 445 ornatum,
1534 386 1755 446 sublime,
1801 386 1886 432 ubi

219 458 536 519 amplificatio
576 457 837 517 laudanda,
877 473 1004 518 quae
1043 458 1198 505 virtus
1240 458 1283 504 ei
1323 459 1582 519 contraria,
1624 459 1742 519 quid
1781 474 1886 519 spe-

218 531 344 578 ciose
397 531 708 590 translatum,
765 546 888 591 quae
943 530 1100 593 figura
1153 531 1425 591 verborum,
1480 548 1605 592 quae
1658 531 1781 579 levis
1837 534 1885 578 et

219 603 475 665 quadrata,
513 604 670 651 virilis
709 606 876 651 tamen
916 605 1218 665 compositio.

131 685 193 729 10
329 677 402 723 Ne
442 677 494 723 id
534 677 731 738 quidem
768 676 958 736 inutile,
1014 678 1162 724 etiam
1217 680 1470 738 corruptas
1527 678 1789 738 aliquando
1838 681 1886 724 et

217 750 422 797 vitiosas
463 750 722 810 orationes,
764 766 884 811 quas
924 754 1090 797 tamen
1130 751 1353 812 plerique
1393 751 1683 797 iudiciorum
1721 752 1886 812 pravi-

216 826 320 871 tate
360 823 613 884 mirentur,
653 823 752 885 legi
790 824 956 884 palam
997 824 1283 885 ostendique
1322 824 1373 869 in
1412 825 1503 883 his,
1544 841 1688 884 quam
1728 825 1886 871 multa

216 897 487 958 inpropria‚
528 897 747 956 obscura,
780 897 987 957 tumida,
1026 897 1247 957 humilia,
1287 897 1496 956 sordida,
1536 897 1734 957 lasciva,
1776 898 1884 944 effe-

217 970 405 1016 minata
443 971 562 1018 sint:
611 986 734 1031 quae
775 986 873 1016 non
911 970 1176 1017 laudantur
1214 970 1357 1017 modo
1407 986 1435 1017 a
1481 970 1749 1031 plerisque,
1789 971 1887 1030 sed,

218 1043 349 1104 quod
388 1047 461 1090 est
485 1044 639 1104 peius,
671 1047 872 1104 propter
910 1044 1001 1091 hoc
1040 1044 1214 1104 ipsum,
1255 1044 1384 1105 quod
1423 1047 1537 1090 sunt
1575 1059 1744 1104 prava,
1783 1044 1886 1091 lau-

131 1124 188 1167 11
217 1116 409 1164 dantur.
449 1132 563 1163 nam
602 1133 758 1165 sermo
798 1119 957 1164 rectus
983 1119 1032 1164 et
1055 1117 1320 1164 secundum
1352 1120 1581 1164 naturam
1605 1117 1887 1164 enuntiatus

219 1189 342 1236 nihil
380 1190 559 1237 habere
599 1207 656 1237 ex
695 1190 890 1252 ingenio
935 1191 1149 1237 videtur:
1189 1191 1278 1238 illa
1302 1207 1431 1249 vero,
1472 1207 1594 1252 quae
1619 1193 1886 1251 utcumque

218 1263 402 1311 deflexa
450 1267 584 1323 sunt,
635 1267 889 1325 tamquam
937 1265 1256 1324 exquisitiora
1305 1266 1555 1323 miramur,
1601 1279 1695 1310 non
1745 1265 1888 1311 aliter

219 1352 367 1397 quam
407 1337 627 1384 distortis
669 1340 717 1384 et
750 1353 1052 1398 quocumque
1092 1337 1234 1384 modo
1275 1337 1572 1398 prodigiosis
1604 1337 1887 1398 corporibus

217 1409 347 1470 apud
388 1410 624 1471 quosdam
663 1411 820 1457 maius
861 1416 934 1457 est
973 1410 1185 1471 pretium
1226 1427 1372 1470 quam
1410 1411 1486 1469 iis,
1526 1426 1652 1471 quae
1675 1410 1800 1456 nihil
1831 1426 1888 1457 ex

131 1489 190 1533 12
217 1483 486 1530 communis
510 1483 708 1531 habitus
733 1484 871 1531 bonis
896 1484 1226 1545 perdiderunt,
1261 1487 1408 1545 atque
1443 1485 1591 1530 etiam
1616 1485 1701 1544 qui
1727 1483 1886 1544 specie

219 1557 494 1618 capiuntur,
534 1557 685 1604 vulsis
726 1557 997 1618 levatisque
1038 1561 1086 1604 et
1123 1558 1312 1605 inustas
1352 1572 1514 1604 comas
1540 1572 1630 1604 acu
1655 1557 1886 1604 comenti-

217 1630 306 1676 bus
347 1634 395 1677 et
433 1646 530 1677 non
571 1646 656 1677 suo
699 1631 858 1678 colore
913 1631 1081 1677 nitidis
1135 1631 1246 1692 plus
1298 1646 1399 1679 esse
1454 1631 1639 1678 formae
1694 1632 1886 1692 putant,

218 1719 367 1764 quam
405 1704 560 1764 possit
613 1704 827 1750 tribuere
881 1706 1167 1765 incorrupta
1219 1707 1419 1764 natura,
1473 1706 1529 1750 ut
1573 1704 1887 1765 pulchritudo

220 1778 434 1837 corporis
474 1778 637 1824 venire
677 1778 904 1825 videatur
943 1795 998 1824 ex
1038 1778 1181 1824 malis
1221 1794 1423 1825 morum.

132 1856 192 1900 13
328 1850 501 1910 Neque
541 1852 697 1897 solum
738 1852 857 1898 haec
896 1852 998 1912 ipse
1040 1851 1233 1898 debebit
1272 1851 1441 1899 docere
1465 1852 1765 1912 praeceptor,
1806 1851 1891 1898 sed

220 1924 501 1985 frequent-er
539 1924 842 1987 interrogare
883 1930 931 1971 et
984 1924 1219 1971 iudicium
1267 1924 1618 1985 discipulorum
1667 1924 1886 1984 experiri.

221 1997 287 2043 sic
327 1997 640 2044 audientibus
682 1999 916 2045 securitas
966 1999 1122 2044 aberit
1168 2013 1255 2045 nec
1295 2014 1419 2058 quae
1460 1998 1684 2044 dicentur
1722 2013 1887 2058 super-
1914 2014 1932 2043 ε»

219 2070 373 2117 fluent
413 2086 574 2118 aures:
616 2072 760 2118 simul
800 2071 861 2117 ad
901 2072 951 2117 id
990 2071 1331 2132 perducentur,
1372 2071 1503 2132 quod
1540 2087 1596 2117 ex
1627 2071 1717 2117 hoc
1743 2087 1888 2132 quae·

219 2145 360 2203 ritur,
399 2147 454 2190 ut
499 2146 754 2192 inveniant
803 2145 900 2205 ipsi
955 2150 1001 2192 et
1054 2145 1358 2208 intellegant.
1412 2161 1525 2191 nam
1580 2145 1698 2205 quid
1753 2144 1888 2190 aliud

133 2222 194 2266 14
221 2219 412 2280 agimus
454 2217 667 2265 docendo
707 2234 803 2277 eos,
843 2235 992 2278 quam
1030 2235 1089 2265 ne
1130 2234 1320 2279 semper
1367 2217 1571 2265 docendi
1618 2216 1751 2264 sint‘?
1799 2218 1889 2265 hoc

221 2291 503 2353 diligentiae
544 2307 696 2353 genus
737 2293 890 2338 ausim
919 2291 1075 2338 dicere
1115 2292 1225 2353 plus
1259 2292 1562 2339 conlaturum
1591 2291 1889 2338 discentibus

223 2380 369 2424 quam
410 2380 574 2412 omnes
615 2366 833 2412 omnium
873 2368 1017 2424 artes,
1059 2381 1182 2426 quae
1221 2365 1396 2412 iuvant
1435 2365 1538 2412 sine
1578 2364 1725 2411 dubio
1765 2365 1888 2411 mul-

219 2441 338 2495 tum,
379 2438 462 2485 sed
500 2438 676 2485 latiore
716 2439 930 2498 quadam
968 2440 1331 2499 comprensione
1371 2454 1458 2499 per
1497 2453 1662 2485 omnes
1695 2437 1890 2498 quidem

222 2512 403 2571 species
444 2527 606 2558 rerum
647 2512 823 2558 cotidie
864 2528 1017 2573 paene
1056 2514 1363 2559 nascentium
1402 2512 1470 2558 ire
1519 2511 1606 2572 qui
1651 2509 1889 2571 possunt?

135 2590 195 2634 15
222 2585 348 2631 sicut
410 2584 467 2631 de
526 2600 577 2631 re
631 2585 839 2632 militari
893 2601 1191 2646 quamquam
1244 2588 1358 2632 sunt
1410 2585 1596 2632 tradita
1649 2584 1890 2645 quaedam

341 2774 364 2811 5
397 2768 619 2811 tralatum
651 2777 695 2811 B
822 2774 845 2812 6
879 2770 958 2812 sed
988 2769 1134 2812 virilis
1166 2777 1202 2810 Α
1345 2772 1369 2811 9
1402 2768 1628 2812 mirantur
1658 2768 1761 2812 AP²

226 2830 278 2869 18
312 2827 542 2870 communi
572 2828 738 2870 habitu
769 2827 878 2871 boni
910 2837 946 2870 Α
1068 2833 1122 2870 22
1154 2841 1331 2870 morum
1362 2835 1424 2871 B:
1457 2828 1661 2872 moribus
1693 2836 1777 2870 ΑΡ

225 2890 278 2928 25
313 2886 535 2928 docentur
568 2895 605 2927 T

1912 914 1952 945 10

1913 1279 1953 1312 15

1912 1647 1954 1678 20
