2055 3130
245 52 356 103 272
771 52 1146 104 QVINTILLANI
1173 53 1239 96 IN
1244 53 1325 97 ST.
1359 53 1451 97 OR.

243 190 332 238 sed
370 190 597 237 habenda
634 191 709 237 his
750 206 941 252 quoque
982 193 1145 254 gratia
1184 196 1271 251 est,
1311 208 1398 252 per
1437 208 1560 253 quos
1600 193 1742 240 labor
1778 194 1919 241 nobis

247 264 495 311 detractus
536 267 620 311 est.
672 279 787 310 nam
827 280 950 324 quae
990 266 1175 325 priores
1214 265 1444 313 beneficio
1491 267 1679 328 ingenii
1725 267 1920 329 singula

242 339 550 395 invenerunt,
590 337 729 384 nobis
769 339 819 383 et
856 353 953 384 non
993 340 1105 384 sunt
1145 339 1439 400 requirenda
1465 342 1512 385 et
1542 341 1716 386 notata
1739 341 1917 387 omnia.

246 410 331 457 sed
370 426 466 457 non
513 410 670 472 magis
718 410 809 457 hoc
863 414 939 457 sat
986 413 1072 472 est,
1126 427 1273 472 quam
1326 412 1628 472 palaestram
1674 413 1916 475 didicisse,

245 483 339 530 nisi
390 499 563 544 corpus
616 483 976 542 exercitatione,
1024 484 1346 544 continentia,
1398 485 1540 545 cibis,
1591 489 1703 533 ante
1754 487 1918 533 omnia
1965 504 1984 536 5

245 559 423 603 natura
461 558 676 616 iuvatur,
716 558 844 603 sicut
883 561 1054 604 contra
1083 573 1144 604 ne
1175 558 1263 604 illa
1297 558 1495 619 quidem
1526 559 1645 606 satis
1679 560 1782 606 sine
1815 562 1918 606 arte

127 635 222 680 122
247 630 533 691 profuerint.
573 630 699 676 illud
739 645 933 690 quoque
973 631 1180 678 studiosi
1219 632 1528 692 eloquentiae
1569 634 1799 694 cogitent,
1837 648 1919 680 ne-

245 719 337 764 que
378 704 603 750 omnibus
642 704 694 749 in
733 705 891 750 causis
943 719 1014 763 ea,
1066 720 1189 764 quae
1240 705 1698 766 demonstravimus,
1742 709 1918 753 cuncta

244 791 386 837 posse
410 778 629 837 reperiri,
668 792 841 837 neque,
874 793 984 823 cum
1007 777 1261 838 proposita
1289 778 1439 825 fuerit
1469 780 1679 843 materia
1711 779 1918 839 dicendi,

244 850 507 898 scrutanda
546 851 743 912 singula
783 856 831 897 et
881 851 1018 897 velut
1068 852 1287 898 ostiatim
1337 852 1594 912 pulsanda,
1643 854 1699 898 ut
1745 852 1916 913 sciant,
1942 872 1984 902 ιο

246 940 307 970 311
348 923 410 969 ad
450 923 754 984 probandum
794 924 859 982 id,
900 924 1030 984 quod
1061 925 1374 984 intendimus,
1414 926 1542 972 forte
1564 926 1916 986 respondeant:

123 1001 220 1046 123
246 998 341 1044 nisi
393 1012 502 1043 cum
548 996 744 1044 discunt
791 1000 839 1044 et
893 998 1050 1044 adhuc
1104 1014 1199 1045 usu
1254 1004 1432 1045 carent.
1488 998 1732 1046 infinitam
1788 999 1917 1046 enim

244 1070 396 1117 faciat
433 1071 530 1118 ista
568 1086 645 1118 res
686 1070 877 1117 dicendi
916 1071 1225 1130 tarditatem,
1277 1075 1318 1118 si
1370 1087 1559 1132 semper
1608 1088 1801 1121 necesse
1851 1074 1917 1120 sit

242 1147 298 1190 ut
337 1146 636 1204 temptantes
675 1161 826 1190 unum
867 1145 1092 1205 quodque
1133 1161 1315 1205 eorum,
1357 1145 1487 1205 quod
1526 1147 1590 1192 sit
1630 1149 1803 1207 aptum
1842 1149 1916 1192 at-

244 1233 335 1278 que
376 1220 679 1277 conveniens,
722 1218 1012 1278 experiendo
1037 1233 1314 1265 noscamus:
1354 1221 1515 1266 nescio
1556 1235 1618 1265 an
1645 1220 1795 1266 etiam
1824 1220 1914 1266 im·
1941 1238 1982 1269 15

241 1291 520 1352 pedimento
560 1292 728 1337 futura
774 1293 894 1350 sint,
944 1293 1040 1338 nisi
1091 1296 1139 1338 et
1193 1293 1345 1338 animi
1402 1292 1639 1352 quaedam
1693 1294 1916 1356 ingenita

244 1368 422 1411 natura
461 1368 509 1411 et
548 1365 709 1411 studio
751 1366 1018 1411 exercitata
1049 1366 1283 1412 velocitas
1307 1368 1441 1412 recta
1473 1382 1559 1413 nos
1593 1366 1656 1413 ad
1688 1382 1758 1426 ea,
1792 1382 1915 1427 quae

121 1441 221 1486 124
246 1438 539 1485 conveniant
578 1453 769 1496 causae,
810 1439 983 1485 ferant.
1023 1454 1137 1485 nam
1177 1443 1233 1486 ut
1272 1443 1443 1486 cantus
1483 1440 1615 1487 vocis
1648 1440 1916 1500 plurimum

242 1513 383 1558 iuvat
423 1513 609 1559 sociata
648 1527 908 1559 nervorum
941 1512 1214 1572 concordia,
1254 1513 1295 1559 si
1327 1516 1493 1559 tamen
1524 1513 1712 1560 tardior
1742 1530 1914 1561 manus

245 1586 340 1631 nisi
378 1586 610 1646 inspectis
651 1585 988 1646 demensisque
1035 1587 1257 1649 singulis,
1313 1587 1488 1647 quibus
1544 1602 1766 1647 quaeque
1820 1602 1913 1634 vox
1938 1605 1980 1636 20

243 1658 417 1706 fidibus
457 1659 703 1721 iungenda
744 1660 822 1719 sit,
863 1659 1070 1718 dubitet,
1109 1661 1273 1720 potius
1314 1661 1462 1706 fuerit
1495 1675 1596 1707 esse
1629 1662 1913 1707 contentum

243 1748 313 1791 eo,
353 1749 448 1793 quo
489 1733 695 1794 simplex
736 1733 942 1779 canendi
992 1742 1170 1780 natura
1219 1734 1411 1780 tulerit:
1464 1735 1536 1781 ita
1586 1734 1729 1780 huius
1780 1734 1914 1781 modi

241 1807 516 1868 praeceptis
557 1806 698 1853 debet
738 1806 934 1867 quidem
975 1810 1147 1867 aptata
1188 1823 1288 1854 esse
1330 1811 1378 1853 et
1416 1807 1632 1854 citharae
1663 1807 1807 1855 modo
1839 1809 1911 1853 in-

122 1883 219 1927 125
245 1883 382 1926 tenta
429 1880 556 1926 ratio
605 1880 870 1939 doctrinae,
911 1880 992 1927 sed
1032 1881 1121 1927 1100
1162 1882 1507 1928 exercitatione
1554 1881 1712 1928 multa
1750 1896 1912 1929 conse·

241 1953 501 2015 quendum,
539 1956 608 2014 ut,
651 1970 794 2014 quem
837 1953 895 1999 ad
935 1954 1132 2000 modum
1172 1955 1374 2001 illorum
1399 1954 1661 2013 artificum,·
1689 1955 1838 2001 etiam
1870 1956 1978 2003 8125

242 2028 338 2074 3110
379 2029 615 2088 spectant,
668 2043 842 2074 manus
881 2031 1046 2074 tamen
1086 2029 1194 2088 ipsa
1234 2029 1582 2075 consuetudine
1623 2027 1684 2074 ad
1723 2043 1911 2090 graves,

241 2104 409 2148 acutos
449 2100 729 2161 mediosque
770 2117 1030 2148 nervorum
1064 2117 1205 2148 sonos
1238 2102 1406 2161 fertur,
1446 2103 1515 2148 sic
1547 2103 1756 2149 oratoris
1781 2103 1911 2164 cogi-

241 2176 478 2222 tationem
533 2174 657 2220 nihil
711 2178 929 2221 moretur
981 2175 1099 2222 haec
1146 2177 1360 2222 varietas
1412 2178 1808 2237 argumentorum
1863 2178 1912 2222 et

240 2249 403 2309 copia,
455 2247 537 2294 sed
584 2248 726 2308 quasi
765 2248 937 2295 offerat
987 2265 1036 2295 se
1095 2252 1141 2295 et
1194 2252 1435 2308 occurrat,
1492 2253 1553 2308 et,
1607 2251 1663 2296 ut
1716 2249 1910 2296 litterae

240 2321 558 2382 syllabaeque
591 2321 907 2368 scribentium
938 2324 1288 2384 cogitationem
1319 2338 1414 2370 non
1449 2323 1662 2384 exigunt,
1703 2323 1770 2369 sic
1803 2337 1907 2369 ora·
1933 2339 1976 2371 30

235 2395 423 2442 tionem
462 2398 633 2456 sponte
674 2395 883 2455 quadam
924 2399 1204 2456 sequantur.

359 2554 382 2591 3
416 2552 579 2592 notata
615 2550 1018 2606 Guelferbytanus:
1050 2553 1182 2593 notat
1213 2558 1258 2592 B
1286 2553 1451 2593 notant
1482 2559 1518 2592 A
1549 2554 1661 2593 nota
1693 2558 1736 2592 P

241 2614 263 2651 7
297 2609 523 2663 profuerit
555 2616 638 2650 AB
743 2613 793 2651 13
827 2610 918 2651 ista
958 2609 1015 2652 Vt
1046 2624 1081 2664 p
1107 2613 1211 2651 407:
1245 2610 1348 2664 ipsa
1375 2612 1380 2664 1
1409 2609 1594 2652 dicendi
1624 2617 1709 2652 ΑΡ
1738 2611 1815 2653 Vt:
1839 2609 1907 2651 di-

238 2667 396 2710 scendi
428 2675 473 2709 B
592 2672 644 2710 18
679 2668 956 2710 conveniunt
988 2676 1031 2710 P
1163 2673 1216 2710 22
1251 2682 1340 2722 quo
1372 2669 1498 2710 31²¹:
1533 2669 1657 2723 quod
1688 2668 1791 2710 AP2

240 2731 294 2768 26
328 2729 537 2781 spectent
568 2734 656 2768 BP
795 2732 846 2768 27
881 2740 1122 2770 nervorum
1158 2727 1312 2770 Gertz:
1343 2728 1506 2770 horum
1657 2731 1711 2769 29
1744 2726 1908 2770 offerat

234 2798 286 2827 se
320 2788 366 2827 et
397 2787 607 2828 occurrat
639 2792 735 2827 ΡΝ
759 2787 878 2839 (Vt),
911 2788 994 2840 <om
1029 2789 1093 2841 se)
1119 2793 1163 2827 B
1191 2785 1354 2829 offerat
1373 2803 1395 2827 ηε
1416 2789 1627 2828 occurrat
1650 2794 1686 2827 A
1712 2785 1908 2829 offerant

235 2857 286 2887 se
320 2846 365 2886 et
398 2846 639 2886 occurrant
670 2845 894 2901 Spalding]
