2055 3130
45 895 86 926 10

45 1265 85 1296 15

42 1635 85 1666 20

43 2005 84 2036 25

42 2375 85 2406 30

767 41 1138 125 ῑἾ.1,23-36.
1690 74 1794 125 317

114 214 235 261 (1311.
278 230 486 275 quarum
530 227 693 258 rerum
744 213 915 274 ingens
966 213 1254 274 plerumque
1305 214 1380 260 vis
1429 216 1501 260 est
1554 213 1690 259 velut
1743 214 1795 259 in
1820 213 1880 256 31

113 304 218 334 rem
256 290 564 349 praesentem
604 287 792 332 animos
832 286 1087 333 hominum
1127 286 1424 345 ducentium,
1464 289 1519 332 ut
1557 286 1796 346 populum

113 361 390 408 Romanum
431 360 531 422 egit
571 360 622 405 in
661 360 877 406 furorem
915 363 1172 420 praetexta
1213 358 1263 406 C.
1306 358 1528 407 Caesaris
1569 360 1794 420 praelata

112 436 165 481 in
218 434 387 480 funere
444 436 658 480 cruenta.
714 433 900 480 sciebat
953 435 1004 480 vi
1058 434 1371 480 interfectum
1427 450 1562 492 eum,
1617 449 1794 494 eorpus

113 509 323 569 denique
370 509 534 568 ipsum
583 508 857 568 inpositum
911 507 1039 554 lecto
1095 510 1215 567 erat,
1269 507 1420 554 vestis
1474 510 1642 554 tamen
1706 507 1795 553 illa

112 582 349 644 sanguine
389 580 589 628 madens
629 582 701 627 ita
740 583 1131 642 repraesentavit
1171 583 1439 664 imaginem
1479 581 1689 640 sceleris,
1740 584 1795 627 ut

111 671 210 702 non
249 657 434 703 occisus
475 671 578 702 esse
621 654 812 714 Caesar,
853 655 937 702 sed
959 659 1070 702 tum
1100 656 1312 701 maxime
1345 655 1501 702 occidi
1532 655 1794 702 videretur.

111 729 197 776 sed
235 745 333 776 11011
379 729 488 776 ideo
543 729 867 789 probaverim,
925 729 1055 790 quod
1101 729 1289 775 factum
1339 731 1389 775 et
1438 730 1547 810 lego
1596 732 1644 775 et
1689 730 1794 789 ipse
1821 727 1883 772 32

113 803 381 885 aliquando
421 803 545 862 vidi,
597 802 843 863 depictam
893 805 946 848 in
998 803 1171 849 tabula
1228 804 1473 864 sipariove
1528 803 1797 865 imaginem

111 879 197 937 rei,
238 877 376 924 0111115
417 878 678 924 atrocitate
718 876 862 923 iudex
903 880 1008 923 erat
1046 877 1448 923 commovendus·
1499 893 1623 938 quae
1664 876 1795 923 3111111

112 954 184 998 351
224 952 402 998 3010115
434 951 660 1009 infantia,
703 951 788 1011 qui
819 954 1010 997 mutam
1043 951 1184 998 illam
1217 951 1429 1013 effigiem
1461 952 1620 1013 magis
1648 966 1795 1012 quam

111 1027 383 1072 orationem
430 1040 518 1084 pro
568 1040 618 1071 se
656 1028 798 1085 putet
836 1023 1149 1072 locuturam?
1207 1028 1258 1071 at
1299 1025 1463 1072 sordes
1513 1028 1560 1071 et
1600 1025 1794 1086 squalo-
1821 1023 1884 1066 33

110 1115 213 1145 13111
253 1102 301 1146 31
339 1100 733 1159 propinquorum
773 1114 967 1159 quoque
1008 1099 1215 1146 similem
1266 1099 1490 1145 habitum
1538 1099 1636 1146 5010
1684 1114 1796 1160 pro-

110 1174 276 1232 fuisse,
317 1177 364 1219 et
403 1189 640 1234 magnum
682 1173 743 1220 ad
784 1173 993 1219 salutem
1027 1175 1332 1219 momentum
1356 1188 1523 1234 preces
1557 1173 1794 1220 attulisse.

113 1263 265 1308 quare
305 1250 353 1294 et
393 1246 665 1293 obsecratio
712 1247 801 1292 illa
847 1247 1068 1293 iudicum
1122 1263 1210 1307 per
1265 1248 1518 1294 carissima
1572 1247 1795 1310 pignora,

109 1322 282 1382 utique
323 1322 366 1367 si
413 1324 460 1368 et
498 1336 580 1367 reo
621 1322 722 1368 sint
760 1320 917 1381 liberi,
958 1323 1148 1379 coniux,
1204 1325 1447 1382 parentes,
1498 1322 1635 1368 utilis
1689 1321 1795 1379 erit,

111 1399 159 1442 et
198 1395 400 1443 deorum
441 1396 590 1441 etiam
629 1395 876 1442 invocatio
918 1396 1057 1442 velut
1097 1411 1154 1441 ex
1191 1395 1321 1442 bona
1347 1395 1646 1443 conscientia
1685 1411 1795 1456 pro-

108 1470 238 1516 fecta
277 1468 436 1516 videri
475 1469 613 1527 solet,
654 1472 865 1516 stratum
905 1468 1115 1530 denique
1155 1471 1313 1516 iacere
1362 1474 1409 1517 et
1457 1486 1617 1532 genua
1667 1484 1794 1517 com-
1821 1467 1885 1511 34

109 1544 275 1603 plecti,
314 1543 410 1589 nisi
451 1543 492 1590 si
530 1546 697 1590 tamen
737 1558 947 1604 persona
985 1559 1072 1590 nos
1115 1546 1162 1589 et
1204 1547 1316 1590 ante
1358 1546 1469 1590 acta
1507 1545 1613 1591 vita
1646 1547 1693 1591 et
1724 1545 1796 1591 rei

111 1616 330 1664 condicio
379 1617 685 1678 prohibebit-3
742 1617 985 1678 quaedam
1032 1617 1162 1664 enim
1209 1621 1314 1664 tam
1363 1618 1558 1665 fortiter
1611 1618 1796 1666 tuenda

112 1707 260 1752 quam
299 1692 431 1737 facta
473 1695 598 1738 sunt.
641 1708 809 1738 verum
850 1691 918 1739 sic
950 1691 1176 1738 habenda
1210 1695 1283 1739 est
1315 1693 1626 1739 auctoritatis
1650 1695 1794 1752 ratio,

109 1782 169 1812 ne
210 1767 275 1813 sit
314 1766 475 1812 invisa
528 1766 778 1812 securitas.
828 1766 924 1812 fuit
975 1765 1221 1826 quondam
1275 1768 1405 1813 inter
1455 1766 1574 1814 haec
1630 1768 1795 1813 omnia
1820 1763 1882 1807 35

108 1840 531 1900 potentissimum,
612 1855 707 1900 quo
770 1839 823 1886 L.
893 1840 1151 1887 Murenam
1217 1839 1383 1887 Cicero
1447 1840 1794 1889 accusantibus

111 1913 394 1961 clarissimis
434 1915 552 1960 viris
595 1915 831 1974 eripuisse
870 1915 1133 1975 praecipue
1187 1914 1386 1961 videtur
1434 1917 1795 1976 persuasitque,

111 1988 238 2033 nihil
279 2002 380 2034 esse
415 1988 476 2033 ad
509 1991 819 2048 praesentem
849 2004 1013 2034 rerum
1039 1990 1226 2035 statum
1250 1988 1426 2036 utilius
1453 1989 1488 2049 ’ξ’
1516 2005 1662 2050 quam
1695 1992 1794 2050 pri-

111 2062 188 2108 die
228 2061 476 2108 Kalendas
524 2061 782 2109 Ianuarias
835 2062 1026 2125 ingredi
1083 2063 1405 2110 consulatum.
1464 2063 1595 2124 quod
1642 2079 1795 2126 genus

109 2137 291 2183 nostris
330 2135 632 2197 temporibus
672 2139 833 2183 totum
872 2152 1028 2197 paene
1068 2136 1320 2183 sublatum
1361 2140 1447 2196 est,
1489 2153 1598 2185 011111
1631 2139 1796 2185 omnia

109 2222 253 2256 curae
293 2210 575 2270 tutelaeque
609 2210 752 2257 unius
784 2210 953 2257 innixa
984 2211 1258 2271 periclitari
1289 2212 1425 2259 nullo
1458 2211 1632 2259 iudicii
1664 2212 1796 2258 exitu

108 2283 312 2344 possint.

223 2358 295 2404 De
337 2358 702 2405 accusatoribus
745 2361 794 2404 et
832 2360 927 2406 reis
955 2374 1063 2406 sum
1087 2359 1294 2419 locutus,
1337 2360 1454 2421 quia
1476 2360 1529 2406 in
1560 2360 1792 2420 periculis
1820 2355 1883 2398 36

109 2433 320 2478 maxime
374 2435 601 2479 versatur
655 2432 889 2480 adfectus.
946 2433 1030 2480 sed
1083 2435 1309 2494 privatae
1365 2450 1560 2495 quoque
1615 2449 1791 2481 causae

230 2607 284 2644 25
319 2616 343 2645 ο
376 2607 443 2655 37,
481 2607 532 2644 79

227 2770 253 2807 4
288 2765 465 2808 sciebat
495 2765 559 2823 vi]
594 2766 829 2809 sciebatur
862 2768 969 2810 libri
1091 2772 1115 2809 5
1150 2769 1251 2809 erat
1282 2775 1342 2810 P:
1378 2770 1478 2810 erat
1512 2769 1560 2810 at
1591 2769 1674 2811 'rell

110 2828 135 2866 9
169 2824 219 2866 111
249 2824 412 2891 tabula
445 2825 670 2880 sipariove
703 2827 761 2869 F.
798 2826 844 2868 C.
881 2827 1085 2870 Conrad:
1115 2826 1329 2869 tabulam
1362 2840 1502 2882 supra
1533 2827 1683 2870 iovem

113 2889 165 2926 11
200 2896 281 2937 qui
312 2891 410 2926 AG:
444 2898 534 2939 que
572 2893 647 2926 ΓΡ
675 2898 767 2939 qua
798 2894 849 2928 J!
