1991 3120
174 74 279 117 VIII
672 71 1046 125 QVINTILIANI
1077 71 1225 115 INST.
1261 71 1353 116 ΟΕ.

170 216 222 260 et
261 228 558 273 anonymum
599 211 933 272 conspirantes
987 213 1157 258 contra
1195 207 1255 258 A
1294 212 1342 256 et
1380 209 1439 258 Β
1485 211 1837 272 deprendimus.

172 286 365 346 Ergone
421 286 570 332 etiam
607 285 751 330 illum
789 285 1003 331 codicem
1049 283 1204 331 doctis
1255 283 1353 329 illis
1404 284 1839 345 interpolatoribus

170 357 234 405 ad
271 374 471 405 manum
509 358 657 405 fuisse
689 354 1006 418 putabimus?
1048 355 1226 411 Quales
1258 355 1456 402 tandem
1495 358 1582 404 hos
1621 357 1839 405 homines

171 429 433 492 fingimus?
472 431 628 478 Immo
668 433 710 478 si
750 430 867 491 quid
906 430 1091 477 clarum
1132 433 1218 490 est,
1266 430 1624 476 concedendum
1661 432 1713 476 in
1751 431 1839 477 illa

169 504 321 551 classe
360 504 597 552 librorum
643 505 909 551 recentium
957 506 1004 549 et
1043 503 1145 549 sine
1193 502 1339 549 dubio
1387 503 1555 550 multis
1602 504 1720 551 locis
1766 505 1837 550 in-

170 577 526 638 terpolatorum
564 580 729 624 tamen
767 576 1002 623 mansisse
1042 576 1251 637 vestigia
1292 577 1523 635 antiquae
1549 575 1841 631 Quintiliani

168 651 476 697 recensionis,
519 650 644 697 Sane
684 651 721 697 si
767 649 884 710 quid
921 649 1037 696 boni
1076 649 1317 710 exhibent,
1358 651 1522 695 utrum
1561 651 1840 709 provenerit

170 739 226 769 ex
277 723 483 783 antiqua
536 723 771 770 memoria
826 739 888 769 an
943 739 999 768 ex
1052 722 1236 769 recenti
1289 722 1641 781 emendatione,
1696 738 1839 784 saepe

168 795 430 843 diiudicari
469 799 653 857 nequit,
693 812 850 857 neque
891 797 1150 856 quisquam
1191 798 1263 843 est
1304 797 1389 855 qui
1435 811 1531 842 non
1583 795 1842 857 intellegat

166 871 220 915 in
273 871 334 916 iis
391 870 677 917 adhibendis
731 885 922 930 semper
973 869 1171 928 iudicio,
1234 870 1472 928 cautione,
1534 868 1839 916 dubitatione

168 958 271 989 esse
319 958 454 1003 opus,
494 959 663 990 verum
700 945 866 990 tamen
905 945 953 989 et
993 942 1255 989 adhibendi
1294 944 1408 989 sunt
1448 945 1495 989 et
1533 943 1671 988 iuxta
1702 939 1761 990 A
1794 945 1841 988 et

168 1013 227 1063 B
264 1017 491 1076 ponendi,
533 1032 653 1077 quos
691 1016 811 1064 locis
844 1018 1074 1062 sescentis
1102 1016 1373 1063 emendant.
1436 1015 1702 1077 Praecipue
1726 1031 1839 1062 vero

166 1090 537 1136 memorandum
578 1093 651 1136 est
690 1104 769 1136 eos
794 1089 913 1136 locis
945 1089 1208 1147 nonnullis,
1246 1090 1331 1135 ubi
1354 1087 1413 1137 Β
1438 1089 1584 1148 deest,
1610 1086 1668 1136 A
1694 1087 1841 1135 verba

169 1163 390 1210 socordia
422 1165 601 1221 omisit,
642 1164 935 1224 scripturam
969 1164 1208 1225 supplere,
1249 1178 1345 1224 qua
1376 1164 1427 1209 in
1459 1178 1510 1208 re
1543 1162 1691 1209 semel
1731 1177 1840 1209 con-

166 1235 358 1296 spirant
404 1251 513 1284 cum
560 1236 693 1283 Julio
741 1235 952 1284 Victore.
1031 1236 1239 1283 Eosdem
1296 1236 1357 1282 ad
1403 1238 1566 1283 textus
1627 1237 1841 1296 interpo-

168 1309 403 1356 lationem
454 1311 773 1357 vetustiorem
821 1309 1203 1372 cognoscendam
1250 1309 1496 1356 interdum
1545 1324 1647 1356 esse
1694 1309 1839 1356 utiles

164 1384 267 1429 iam
320 1384 399 1429 hic
447 1385 695 1430 occasione
743 1383 859 1430 data
905 1399 1093 1441 moneo,
1140 1399 1238 1429 rem
1281 1385 1450 1429 statim
1497 1383 1716 1443 exemplo
1766 1382 1839 1428 in-

163 1456 480 1504 lustraturus.
557 1457 720 1503 Habes
761 1459 891 1502 enim

276 1546 322 1590 p.
366 1532 449 1588 27,
475 1539 498 1576 9
543 1532 606 1577 ita
648 1531 776 1577 dicta
822 1531 952 1587 factu
994 1527 1073 1577 B:
1123 1532 1187 1576 ita
1236 1530 1362 1576 dietat
1411 1530 1635 1587 factuque
1673 1526 1732 1576 A
1771 1531 1839 1576 ‘ita

389 1605 515 1650 dictu
555 1607 597 1650 ez‘
633 1605 766 1662 factu
809 1601 870 1650 Ρ

275 1693 321 1736 p.
367 1678 448 1734 93,
481 1687 507 1723 4
548 1678 660 1724 laeti
707 1678 891 1724 alacres
932 1674 1009 1723 B:
1057 1677 1168 1723 laeti
1217 1677 1490 1735 alacresque
1536 1673 1595 1723 A
1643 1676 1753 1722 laeti
1802 1679 1842 1721 et

389 1751 574 1797 alacres
616 1749 678 1798 P

276 1822 459 1878 Quibus
500 1824 618 1871 locis
659 1827 786 1871 recte
834 1827 961 1870 stare
1004 1823 1288 1883 asyndeton,
1328 1822 1495 1869 multis
1548 1821 1839 1877 Quintiliani

164 1897 398 1958 exemplis
439 1897 762 1944 demonstrari
801 1900 975 1957 potest.

166 1969 318 2017 Porro

276 2061 321 2105 p.
365 2045 484 2103 244,
516 2052 572 2090 33
620 2045 913 2102 multumque
967 2045 1142 2090 iactata
1197 2047 1322 2090 ssz.
1378 2058 1599 2101 semper
1653 2045 1839 2090 tamen

385 2119 698 2165 iaetabwntm·
758 2115 817 2165 Β
831 2135 842 2164 :
905 2120 947 2164 et
1005 2130 1190 2175 semper
1244 2121 1401 2163 tamen
1456 2114 1514 2164 A
1568 2130 1839 2175 semperque

389 2195 546 2239 tamen
588 2189 651 2239 P

276 2281 319 2325 p.
364 2265 484 2323 267,
518 2273 570 2311 22
611 2267 791 2324 βῆμεν-ε
828 2265 911 2311 hoe
951 2265 1046 2310 loeo
1099 2267 1164 2310 est
1202 2278 1471 2322 proponere
1528 2261 1606 2311 P:
1661 2264 1838 2322 firmere

387 2339 470 2384 hoe
508 2339 605 2384 loeo
645 2339 696 2385 id
745 2341 811 2385 est
848 2352 988 2396 prop.
1029 2335 1086 2385 A
1135 2339 1313 2396 firmare
1359 2338 1442 2383 hoe
1495 2337 1591 2383 loeo
1645 2337 1728 2382 hoc
1775 2340 1840 2383 est

379 2426 648 2471 proponere
687 2410 745 2460 B

278 2483 381 2538 Quo
425 2500 448 2531 e
489 2501 664 2547 genere
705 2485 1023 2548 gravissimus
1065 2486 1138 2532 est
1176 2485 1309 2530 locus
1348 2500 1393 2544 p.
1438 2484 1558 2540 200,
1591 2491 1668 2529 30:

390 2554 500 2604 ‘Sed
540 2562 592 2604 ut
629 2560 716 2606 has
757 2558 1019 2617 aliquando
1059 2572 1152 2603 mm
1206 2557 1448 2604 omrrandi
1497 2570 1671 2603 causas
1702 2559 1835 2614 puto,

387 2632 454 2678 sic
480 2633 538 2679 ab
574 2633 668 2678 illis
701 2633 942 2693 dissentio,
975 2633 1057 2690 qm·
1087 2645 1185 2677 ozon
1218 2644 1315 2678 esse
1349 2625 1626 2677 existiment’
1660 2628 1732 2675 ita
1763 2625 1836 2687 B,

389 2707 437 2750 et
476 2705 621 2751 facile
664 2705 859 2766 quidem
898 2706 950 2750 in
990 2705 1145 2751 altero
1171 2704 1385 2751 membro
1427 2698 1686 2749 ‘narranda'
1726 2716 1836 2748 eau-

386 2774 486 2824 sas’
529 2779 799 2838 suppletur.
838 2778 962 2824 Ecce
1002 2780 1165 2824 tamen
1206 2775 1286 2824 A:
1325 2776 1418 2823 Sed
1458 2802 1602 2807 ———
1641 2775 1700 2822 ab
1743 2776 1836 2822 illis

387 2851 636 2909 dissentio,
684 2854 764 2910 qui
810 2865 903 2897 won
947 2853 1217 2897 ewistimarzt
1265 2864 1361 2897 esse
1408 2850 1833 2901 mzrrationem,
