<?xml version="1.0" encoding="UTF-8"?>
<!DOCTYPE html PUBLIC "-//W3C//DTD XHTML 1.0 Transitional//EN"
    "http://www.w3.org/TR/xhtml1/DTD/xhtml1-transitional.dtd">
<html xmlns="http://www.w3.org/1999/xhtml" xml:lang="en" lang="en">
 <head>
  <title>
</title>
<meta http-equiv="Content-Type" content="text/html;charset=utf-8" />
  <meta name='ocr-system' content='tesseract 3.04.00' />
  <meta name='ocr-capabilities' content='ocr_page ocr_carea ocr_par ocr_line ocrx_word'/>
</head>
<body>
  <div class='ocr_page' id='page_1' title='image "./institvtionisora00quinuoft/institvtionisora00quinuoft_0171.png"; bbox 0 0 2055 3130; ppageno 0'>
   <div class='ocr_carea' id='block_1_1' title="bbox 761 41 1795 97">
    <p class='ocr_par' dir='ltr' id='par_1_1' title="bbox 761 41 1795 97">
     <span class='ocr_line' id='line_1_1' title="bbox 761 41 1795 97; baseline 0.01 -13"><span class='ocrx_word' id='word_1_1' title='bbox 761 41 838 85; x_wconf 81' lang='grc' dir='ltr'>[Π.</span> <span class='ocrx_word' id='word_1_2' title='bbox 873 47 913 97; x_wconf 83' lang='grc'>6,</span> <span class='ocrx_word' id='word_1_3' title='bbox 946 46 1134 85; x_wconf 78' lang='lat'>50—61.</span> <span class='ocrx_word' id='word_1_4' title='bbox 1690 42 1795 94; x_wconf 78' lang='lat'>151</span> 
     </span>
    </p>
   </div>
   <div class='ocr_carea' id='block_1_2' title="bbox 44 181 1891 2470">
    <p class='ocr_par' dir='ltr' id='par_1_2' title="bbox 110 181 1796 465">
     <span class='ocr_line' id='line_1_2' title="bbox 112 181 1795 246; baseline 0 -18"><span class='ocrx_word' id='word_1_5' title='bbox 112 182 213 242; x_wconf 94' lang='lat' dir='ltr'>sit,</span> <span class='ocrx_word' id='word_1_6' title='bbox 262 182 438 244; x_wconf 91' lang='lat' dir='ltr'>quale</span> <span class='ocrx_word' id='word_1_7' title='bbox 485 183 586 241; x_wconf 86' lang='lat' dir='ltr'>sit,</span> <span class='ocrx_word' id='word_1_8' title='bbox 631 181 968 246; x_wconf 80' lang='lat' dir='ltr'>Hermagoras</span> <span class='ocrx_word' id='word_1_9' title='bbox 1015 181 1148 228; x_wconf 89' lang='lat' dir='ltr'>solus</span> <span class='ocrx_word' id='word_1_10' title='bbox 1197 184 1444 242; x_wconf 82' lang='lat' dir='ltr'>quat-tuor,</span> <span class='ocrx_word' id='word_1_11' title='bbox 1492 183 1795 228; x_wconf 89' lang='lat' dir='ltr'>coniectu-</span> 
     </span>
     <span class='ocr_line' id='line_1_3' title="bbox 112 254 1795 318; baseline -0.001 -16"><span class='ocrx_word' id='word_1_12' title='bbox 112 271 255 318; x_wconf 88' lang='lat' dir='ltr'>ram,</span> <span class='ocrx_word' id='word_1_13' title='bbox 318 256 778 317; x_wconf 75' lang='lat' dir='ltr'>proprietatem,</span> <span class='ocrx_word' id='word_1_14' title='bbox 858 255 1345 314; x_wconf 76' lang='lat' dir='ltr'>translationem,</span> <span class='ocrx_word' id='word_1_15' title='bbox 1415 254 1795 315; x_wconf 82' lang='lat' dir='ltr'>qualitatem,</span> 
     </span>
     <span class='ocr_line' id='line_1_4' title="bbox 115 326 1796 391; baseline -0.001 -15"><span class='ocrx_word' id='word_1_16' title='bbox 115 346 263 390; x_wconf 90' lang='lat' dir='ltr'>quam</span> <span class='ocrx_word' id='word_1_17' title='bbox 302 346 389 390; x_wconf 88' lang='lat' dir='ltr'>per</span> <span class='ocrx_word' id='word_1_18' title='bbox 428 329 716 389; x_wconf 87' lang='lat' dir='ltr'>accidentia,</span> <span class='ocrx_word' id='word_1_19' title='bbox 756 328 807 374; x_wconf 91' lang='lat' dir='ltr'>id</span> <span class='ocrx_word' id='word_1_20' title='bbox 847 332 920 377; x_wconf 90' lang='lat' dir='ltr'>est</span> <span class='ocrx_word' id='word_1_21' title='bbox 958 327 1079 375; x_wconf 76' lang='grc' dir='ltr'><em>κατὰ</em></span> <span class='ocrx_word' id='word_1_22' title='bbox 1131 326 1454 391; x_wconf 80' lang='grc' dir='ltr'>συμβεβηκός,</span> <span class='ocrx_word' id='word_1_23' title='bbox 1504 331 1650 375; x_wconf 83' lang='lat' dir='ltr'>vocat</span> <span class='ocrx_word' id='word_1_24' title='bbox 1703 329 1796 376; x_wconf 88' lang='lat' dir='ltr'>hac</span> 
     </span>
     <span class='ocr_line' id='line_1_5' title="bbox 110 397 1795 465; baseline -0.001 -15"><span class='ocrx_word' id='word_1_25' title='bbox 110 405 539 465; x_wconf 85' lang='lat' dir='ltr'>interpretatione:</span> <span class='ocrx_word' id='word_1_26' title='bbox 581 398 665 449; x_wconf 73' lang='lat' dir='ltr'>‘an</span> <span class='ocrx_word' id='word_1_27' title='bbox 703 402 780 449; x_wconf 89' lang='lat' dir='ltr'>illi</span> <span class='ocrx_word' id='word_1_28' title='bbox 821 403 1011 450; x_wconf 89' lang='lat' dir='ltr'>accidat</span> <span class='ocrx_word' id='word_1_29' title='bbox 1049 404 1156 449; x_wconf 82' lang='lat' dir='ltr'>viro</span> <span class='ocrx_word' id='word_1_30' title='bbox 1196 402 1324 449; x_wconf 92' lang='lat' dir='ltr'>bono</span> <span class='ocrx_word' id='word_1_31' title='bbox 1366 417 1468 449; x_wconf 91' lang='lat' dir='ltr'>esse</span> <span class='ocrx_word' id='word_1_32' title='bbox 1508 403 1587 449; x_wconf 83' lang='lat' dir='ltr'>vel</span> <span class='ocrx_word' id='word_1_33' title='bbox 1627 397 1795 449; x_wconf 85' lang='lat' dir='ltr'>malo&#39;.</span> 
     </span>
    </p>

    <p class='ocr_par' dir='ltr' id='par_1_3' title="bbox 66 475 1886 833">
     <span class='ocr_line' id='line_1_6' title="bbox 66 475 1796 539; baseline -0.002 -14"><span class='ocrx_word' id='word_1_34' title='bbox 66 478 241 526; x_wconf 82' lang='lat' dir='ltr'>5hanc</span> <span class='ocrx_word' id='word_1_35' title='bbox 278 479 351 524; x_wconf 91' lang='lat' dir='ltr'>ita</span> <span class='ocrx_word' id='word_1_36' title='bbox 391 476 591 523; x_wconf 83' lang='lat' dir='ltr'>dividit:</span> <span class='ocrx_word' id='word_1_37' title='bbox 648 475 713 522; x_wconf 91' lang='lat' dir='ltr'>de</span> <span class='ocrx_word' id='word_1_38' title='bbox 755 477 1111 537; x_wconf 82' lang='lat' dir='ltr'>adpetendis</span> <span class='ocrx_word' id='word_1_39' title='bbox 1168 479 1223 523; x_wconf 91' lang='lat' dir='ltr'>et</span> <span class='ocrx_word' id='word_1_40' title='bbox 1276 476 1609 539; x_wconf 83' lang='lat' dir='ltr'>fugiendis,</span> <span class='ocrx_word' id='word_1_41' title='bbox 1668 491 1796 536; x_wconf 86' lang='lat' dir='ltr'>quae</span> 
     </span>
     <span class='ocr_line' id='line_1_7' title="bbox 113 549 1797 612; baseline -0.001 -14"><span class='ocrx_word' id='word_1_42' title='bbox 113 555 185 598; x_wconf 90' lang='lat' dir='ltr'>est</span> <span class='ocrx_word' id='word_1_43' title='bbox 224 566 337 612; x_wconf 89' lang='lat' dir='ltr'>pars</span> <span class='ocrx_word' id='word_1_44' title='bbox 378 550 721 597; x_wconf 77' lang='lat' dir='ltr'>deliberativa:</span> <span class='ocrx_word' id='word_1_45' title='bbox 763 550 828 597; x_wconf 91' lang='lat' dir='ltr'>de</span> <span class='ocrx_word' id='word_1_46' title='bbox 868 566 1143 612; x_wconf 90' lang='lat' dir='ltr'>persona,</span> <span class='ocrx_word' id='word_1_47' title='bbox 1195 566 1252 597; x_wconf 91' lang='lat' dir='ltr'>ea</span> <span class='ocrx_word' id='word_1_48' title='bbox 1299 549 1578 597; x_wconf 84' lang='lat' dir='ltr'>ostenditur</span> <span class='ocrx_word' id='word_1_49' title='bbox 1625 549 1797 596; x_wconf 77' lang='lat' dir='ltr'>iauda-</span> 
     </span>
     <span class='ocr_line' id='line_1_8' title="bbox 109 616 1886 689; baseline 0 -17"><span class='ocrx_word' id='word_1_50' title='bbox 109 627 236 672; x_wconf 86' lang='lat' dir='ltr'>tiva:</span> <span class='ocrx_word' id='word_1_51' title='bbox 291 625 657 687; x_wconf 82' lang='lat' dir='ltr'>negotialem</span> <span class='ocrx_word' id='word_1_52' title='bbox 698 617 1062 689; x_wconf 72' lang='grc' dir='ltr'><em>(πραγματικήν</em></span> <span class='ocrx_word' id='word_1_53' title='bbox 1100 616 1286 689; x_wconf 75' lang='lat' dir='ltr'>vocat),</span> <span class='ocrx_word' id='word_1_54' title='bbox 1326 625 1377 670; x_wconf 87' lang='lat' dir='ltr'>in</span> <span class='ocrx_word' id='word_1_55' title='bbox 1418 640 1515 685; x_wconf 91' lang='lat' dir='ltr'>qua</span> <span class='ocrx_word' id='word_1_56' title='bbox 1556 623 1613 670; x_wconf 90' lang='lat' dir='ltr'>de</span> <span class='ocrx_word' id='word_1_57' title='bbox 1653 625 1797 671; x_wconf 90' lang='lat' dir='ltr'>rebus</span> <span class='ocrx_word' id='word_1_58' title='bbox 1823 628 1886 672; x_wconf 74' lang='lat'>57</span> 
     </span>
     <span class='ocr_line' id='line_1_9' title="bbox 109 694 1799 760; baseline -0.002 -13"><span class='ocrx_word' id='word_1_59' title='bbox 109 700 230 760; x_wconf 87' lang='lat' dir='ltr'>ipsis</span> <span class='ocrx_word' id='word_1_60' title='bbox 262 699 516 759; x_wconf 87' lang='lat' dir='ltr'>quaeritur</span> <span class='ocrx_word' id='word_1_61' title='bbox 546 701 734 746; x_wconf 87' lang='lat' dir='ltr'>remoto</span> <span class='ocrx_word' id='word_1_62' title='bbox 766 714 1087 759; x_wconf 90' lang='lat' dir='ltr'>personarum</span> <span class='ocrx_word' id='word_1_63' title='bbox 1113 699 1381 759; x_wconf 82' lang='lat' dir='ltr'>complexu,</span> <span class='ocrx_word' id='word_1_64' title='bbox 1406 700 1464 744; x_wconf 89' lang='lat' dir='ltr'>ut</span> <span class='ocrx_word' id='word_1_65' title='bbox 1497 694 1642 745; x_wconf 83' lang='lat' dir='ltr'>sitne</span> <span class='ocrx_word' id='word_1_66' title='bbox 1672 698 1799 745; x_wconf 82' lang='lat' dir='ltr'>liber</span> 
     </span>
     <span class='ocr_line' id='line_1_10' title="bbox 112 772 1800 833; baseline -0.001 -14"><span class='ocrx_word' id='word_1_67' title='bbox 112 774 198 833; x_wconf 82' lang='lat' dir='ltr'>qui</span> <span class='ocrx_word' id='word_1_68' title='bbox 237 775 309 821; x_wconf 91' lang='lat' dir='ltr'>est</span> <span class='ocrx_word' id='word_1_69' title='bbox 346 774 400 818; x_wconf 92' lang='lat' dir='ltr'>in</span> <span class='ocrx_word' id='word_1_70' title='bbox 440 772 732 831; x_wconf 86' lang='lat' dir='ltr'>adsertione,</span> <span class='ocrx_word' id='word_1_71' title='bbox 785 789 847 819; x_wconf 91' lang='lat' dir='ltr'>an</span> <span class='ocrx_word' id='word_1_72' title='bbox 887 772 1092 820; x_wconf 85' lang='lat' dir='ltr'>divitiae</span> <span class='ocrx_word' id='word_1_73' title='bbox 1132 772 1417 832; x_wconf 88' lang='lat' dir='ltr'>superbiam</span> <span class='ocrx_word' id='word_1_74' title='bbox 1462 772 1686 833; x_wconf 86' lang='lat' dir='ltr'>pariant,</span> <span class='ocrx_word' id='word_1_75' title='bbox 1735 788 1800 818; x_wconf 93' lang='lat' dir='ltr'>an</span> 
     </span>
    </p>

    <p class='ocr_par' dir='ltr' id='par_1_4' title="bbox 45 843 1886 1205">
     <span class='ocr_line' id='line_1_11' title="bbox 45 843 1798 907; baseline -0.001 -13"><span class='ocrx_word' id='word_1_76' title='bbox 45 864 88 894; x_wconf 87' lang='lat'>10</span> <span class='ocrx_word' id='word_1_77' title='bbox 111 848 299 894; x_wconf 90' lang='lat' dir='ltr'>iustum</span> <span class='ocrx_word' id='word_1_78' title='bbox 336 846 471 907; x_wconf 78' lang='lat' dir='ltr'>quid,</span> <span class='ocrx_word' id='word_1_79' title='bbox 513 863 576 893; x_wconf 90' lang='lat' dir='ltr'>an</span> <span class='ocrx_word' id='word_1_80' title='bbox 614 846 800 893; x_wconf 83' lang='lat' dir='ltr'>bonum</span> <span class='ocrx_word' id='word_1_81' title='bbox 839 843 949 894; x_wconf 86' lang='lat' dir='ltr'>sit&#39;:</span> <span class='ocrx_word' id='word_1_82' title='bbox 990 846 1395 905; x_wconf 87' lang='lat' dir='ltr'>iuridicalem,</span> <span class='ocrx_word' id='word_1_83' title='bbox 1446 848 1500 892; x_wconf 90' lang='lat' dir='ltr'>in</span> <span class='ocrx_word' id='word_1_84' title='bbox 1548 862 1646 907; x_wconf 90' lang='lat' dir='ltr'>qua</span> <span class='ocrx_word' id='word_1_85' title='bbox 1695 847 1798 893; x_wconf 83' lang='lat' dir='ltr'>fere</span> 
     </span>
     <span class='ocr_line' id='line_1_12' title="bbox 112 917 1800 982; baseline 0 -15"><span class='ocrx_word' id='word_1_86' title='bbox 112 920 296 980; x_wconf 89' lang='lat' dir='ltr'>eadem,</span> <span class='ocrx_word' id='word_1_87' title='bbox 352 920 435 967; x_wconf 88' lang='lat' dir='ltr'>sed</span> <span class='ocrx_word' id='word_1_88' title='bbox 484 922 628 967; x_wconf 88' lang='lat' dir='ltr'>certis</span> <span class='ocrx_word' id='word_1_89' title='bbox 677 920 1032 982; x_wconf 88' lang='lat' dir='ltr'>destinatisque</span> <span class='ocrx_word' id='word_1_90' title='bbox 1083 922 1307 982; x_wconf 87' lang='lat' dir='ltr'>personis</span> <span class='ocrx_word' id='word_1_91' title='bbox 1361 924 1663 981; x_wconf 85' lang='lat' dir='ltr'>quaerantur</span> <span class='ocrx_word' id='word_1_92' title='bbox 1716 917 1800 967; x_wconf 89' lang='lat' dir='ltr'>an</span> 
     </span>
     <span class='ocr_line' id='line_1_13' title="bbox 109 991 1886 1056; baseline 0.001 -15"><span class='ocrx_word' id='word_1_93' title='bbox 109 995 195 1042; x_wconf 81' lang='lat' dir='ltr'>ille</span> <span class='ocrx_word' id='word_1_94' title='bbox 233 995 361 1042; x_wconf 90' lang='lat' dir='ltr'>iuste</span> <span class='ocrx_word' id='word_1_95' title='bbox 399 995 492 1042; x_wconf 88' lang='lat' dir='ltr'>hoc</span> <span class='ocrx_word' id='word_1_96' title='bbox 530 995 703 1042; x_wconf 85' lang='lat' dir='ltr'>fecerit</span> <span class='ocrx_word' id='word_1_97' title='bbox 748 996 827 1042; x_wconf 81' lang='lat' dir='ltr'>vel</span> <span class='ocrx_word' id='word_1_98' title='bbox 876 991 1033 1042; x_wconf 87' lang='lat' dir='ltr'>bene&#39;.</span> <span class='ocrx_word' id='word_1_99' title='bbox 1083 1010 1171 1041; x_wconf 88' lang='lat' dir='ltr'>nec</span> <span class='ocrx_word' id='word_1_100' title='bbox 1222 1010 1300 1041; x_wconf 93' lang='lat' dir='ltr'>me</span> <span class='ocrx_word' id='word_1_101' title='bbox 1350 994 1485 1042; x_wconf 85' lang='lat' dir='ltr'>fallit</span> <span class='ocrx_word' id='word_1_102' title='bbox 1535 995 1587 1041; x_wconf 93' lang='lat' dir='ltr'>in</span> <span class='ocrx_word' id='word_1_103' title='bbox 1637 996 1798 1056; x_wconf 90' lang='lat' dir='ltr'>primo</span> <span class='ocrx_word' id='word_1_104' title='bbox 1825 998 1886 1043; x_wconf 79' lang='lat'>58</span> 
     </span>
     <span class='ocr_line' id='line_1_14' title="bbox 112 1068 1800 1131; baseline 0 -15"><span class='ocrx_word' id='word_1_105' title='bbox 112 1068 359 1117; x_wconf 78' lang='lat' dir='ltr'>Ciceronis</span> <span class='ocrx_word' id='word_1_106' title='bbox 413 1069 658 1117; x_wconf 89' lang='lat' dir='ltr'>rhetorico</span> <span class='ocrx_word' id='word_1_107' title='bbox 706 1069 858 1116; x_wconf 88' lang='lat' dir='ltr'>aliam</span> <span class='ocrx_word' id='word_1_108' title='bbox 900 1084 1001 1116; x_wconf 88' lang='lat' dir='ltr'>esse</span> <span class='ocrx_word' id='word_1_109' title='bbox 1048 1068 1146 1115; x_wconf 89' lang='lat' dir='ltr'>loci</span> <span class='ocrx_word' id='word_1_110' title='bbox 1192 1069 1457 1130; x_wconf 84' lang='lat' dir='ltr'>negotiah&#39;s</span> <span class='ocrx_word' id='word_1_111' title='bbox 1503 1070 1800 1131; x_wconf 83' lang='lat' dir='ltr'>interpreta-</span> 
     </span>
     <span class='ocr_line' id='line_1_15' title="bbox 109 1139 1799 1205; baseline 0 -16"><span class='ocrx_word' id='word_1_112' title='bbox 109 1145 318 1203; x_wconf 85' lang='lat' dir='ltr'>tionem,</span> <span class='ocrx_word' id='word_1_113' title='bbox 373 1158 484 1190; x_wconf 89' lang='lat' dir='ltr'>cum</span> <span class='ocrx_word' id='word_1_114' title='bbox 537 1144 610 1189; x_wconf 90' lang='lat' dir='ltr'>ita</span> <span class='ocrx_word' id='word_1_115' title='bbox 665 1145 903 1204; x_wconf 88' lang='lat' dir='ltr'>scriptum</span> <span class='ocrx_word' id='word_1_116' title='bbox 958 1145 1043 1190; x_wconf 89' lang='lat' dir='ltr'>sit:</span> <span class='ocrx_word' id='word_1_117' title='bbox 1099 1139 1382 1205; x_wconf 71' lang='lat' dir='ltr'>‘negotialis</span> <span class='ocrx_word' id='word_1_118' title='bbox 1439 1145 1526 1203; x_wconf 88' lang='lat' dir='ltr'>est,</span> <span class='ocrx_word' id='word_1_119' title='bbox 1579 1144 1631 1190; x_wconf 93' lang='lat' dir='ltr'>in</span> <span class='ocrx_word' id='word_1_120' title='bbox 1687 1159 1799 1204; x_wconf 90' lang='lat' dir='ltr'>qua,</span> 
     </span>
    </p>

    <p class='ocr_par' dir='ltr' id='par_1_5' title="bbox 45 1217 1890 1575">
     <span class='ocr_line' id='line_1_16' title="bbox 45 1217 1799 1279; baseline 0 -15"><span class='ocrx_word' id='word_1_121' title='bbox 45 1232 86 1264; x_wconf 88' lang='lat'>15</span> <span class='ocrx_word' id='word_1_122' title='bbox 113 1217 231 1279; x_wconf 82' lang='lat' dir='ltr'>quid</span> <span class='ocrx_word' id='word_1_123' title='bbox 305 1217 427 1265; x_wconf 88' lang='lat' dir='ltr'>iuris</span> <span class='ocrx_word' id='word_1_124' title='bbox 505 1233 562 1264; x_wconf 83' lang='lat' dir='ltr'>ex</span> <span class='ocrx_word' id='word_1_125' title='bbox 639 1218 779 1264; x_wconf 74' lang='lat' dir='ltr'>civili</span> <span class='ocrx_word' id='word_1_126' title='bbox 853 1234 987 1264; x_wconf 90' lang='lat' dir='ltr'>more</span> <span class='ocrx_word' id='word_1_127' title='bbox 1066 1220 1114 1264; x_wconf 91' lang='lat' dir='ltr'>et</span> <span class='ocrx_word' id='word_1_128' title='bbox 1191 1219 1444 1278; x_wconf 88' lang='lat' dir='ltr'>aequitate</span> <span class='ocrx_word' id='word_1_129' title='bbox 1522 1218 1609 1277; x_wconf 88' lang='lat' dir='ltr'>sit,</span> <span class='ocrx_word' id='word_1_130' title='bbox 1688 1233 1799 1264; x_wconf 92' lang='lat' dir='ltr'>con-</span> 
     </span>
     <span class='ocr_line' id='line_1_17' title="bbox 113 1291 1800 1354; baseline -0.001 -15"><span class='ocrx_word' id='word_1_131' title='bbox 113 1291 377 1339; x_wconf 90' lang='lat' dir='ltr'>sideratur:</span> <span class='ocrx_word' id='word_1_132' title='bbox 467 1293 547 1338; x_wconf 91' lang='lat' dir='ltr'>cui</span> <span class='ocrx_word' id='word_1_133' title='bbox 631 1291 921 1354; x_wconf 82' lang='lat' dir='ltr'>diligentiae</span> <span class='ocrx_word' id='word_1_134' title='bbox 1005 1307 1231 1352; x_wconf 88' lang='lat' dir='ltr'>praeesse</span> <span class='ocrx_word' id='word_1_135' title='bbox 1318 1291 1452 1352; x_wconf 90' lang='lat' dir='ltr'>apud</span> <span class='ocrx_word' id='word_1_136' title='bbox 1526 1307 1615 1338; x_wconf 90' lang='lat' dir='ltr'>nos</span> <span class='ocrx_word' id='word_1_137' title='bbox 1692 1293 1800 1338; x_wconf 92' lang='lat' dir='ltr'>iure</span> 
     </span>
     <span class='ocr_line' id='line_1_18' title="bbox 112 1358 1890 1427; baseline 0 -13"><span class='ocrx_word' id='word_1_138' title='bbox 112 1366 325 1414; x_wconf 82' lang='lat' dir='ltr'>consulti</span> <span class='ocrx_word' id='word_1_139' title='bbox 387 1362 765 1413; x_wconf 82' lang='lat' dir='ltr'>existimantur&#39;.</span> <span class='ocrx_word' id='word_1_140' title='bbox 852 1366 937 1413; x_wconf 91' lang='lat' dir='ltr'>sed</span> <span class='ocrx_word' id='word_1_141' title='bbox 999 1358 1157 1427; x_wconf 54' lang='lat' dir='ltr'>quod*</span> <span class='ocrx_word' id='word_1_142' title='bbox 1183 1367 1339 1427; x_wconf 85' lang='lat' dir='ltr'>ipsius</span> <span class='ocrx_word' id='word_1_143' title='bbox 1406 1366 1465 1413; x_wconf 92' lang='lat' dir='ltr'>de</span> <span class='ocrx_word' id='word_1_144' title='bbox 1518 1366 1595 1412; x_wconf 80' lang='lat' dir='ltr'>his</span> <span class='ocrx_word' id='word_1_145' title='bbox 1658 1366 1799 1412; x_wconf 89' lang='lat' dir='ltr'>libris</span> <span class='ocrx_word' id='word_1_146' title='bbox 1827 1370 1890 1414; x_wconf 77' lang='lat'>59</span> 
     </span>
     <span class='ocr_line' id='line_1_19' title="bbox 110 1439 1799 1501; baseline -0.001 -15"><span class='ocrx_word' id='word_1_147' title='bbox 110 1440 349 1486; x_wconf 85' lang='lat' dir='ltr'>iudicium</span> <span class='ocrx_word' id='word_1_148' title='bbox 389 1440 552 1499; x_wconf 78' lang='lat' dir='ltr'>fuerit,</span> <span class='ocrx_word' id='word_1_149' title='bbox 605 1455 755 1501; x_wconf 88' lang='lat' dir='ltr'>supra</span> <span class='ocrx_word' id='word_1_150' title='bbox 795 1439 910 1487; x_wconf 87' lang='lat' dir='ltr'>dixi.</span> <span class='ocrx_word' id='word_1_151' title='bbox 966 1443 1081 1486; x_wconf 90' lang='lat' dir='ltr'>sunt</span> <span class='ocrx_word' id='word_1_152' title='bbox 1121 1442 1249 1487; x_wconf 89' lang='lat' dir='ltr'>enim</span> <span class='ocrx_word' id='word_1_153' title='bbox 1290 1440 1427 1487; x_wconf 79' lang='lat' dir='ltr'>velut</span> <span class='ocrx_word' id='word_1_154' title='bbox 1477 1443 1700 1501; x_wconf 85' lang='lat' dir='ltr'>regestae</span> <span class='ocrx_word' id='word_1_155' title='bbox 1746 1441 1799 1486; x_wconf 91' lang='lat' dir='ltr'>in</span> 
     </span>
     <span class='ocr_line' id='line_1_20' title="bbox 109 1514 1801 1575; baseline 0.001 -15"><span class='ocrx_word' id='word_1_156' title='bbox 109 1514 199 1562; x_wconf 89' lang='lat' dir='ltr'>hos</span> <span class='ocrx_word' id='word_1_157' title='bbox 241 1514 633 1574; x_wconf 80' lang='lat' dir='ltr'>commentarios,</span> <span class='ocrx_word' id='word_1_158' title='bbox 674 1530 795 1575; x_wconf 89' lang='lat' dir='ltr'>quos</span> <span class='ocrx_word' id='word_1_159' title='bbox 837 1514 1121 1562; x_wconf 81' lang='lat' dir='ltr'>adulescens</span> <span class='ocrx_word' id='word_1_160' title='bbox 1162 1514 1444 1573; x_wconf 83' lang='lat' dir='ltr'>deduxerat,</span> <span class='ocrx_word' id='word_1_161' title='bbox 1495 1514 1703 1573; x_wconf 87' lang='lat' dir='ltr'>scholae,</span> <span class='ocrx_word' id='word_1_162' title='bbox 1752 1517 1801 1561; x_wconf 89' lang='lat' dir='ltr'>et</span> 
     </span>
    </p>

    <p class='ocr_par' dir='ltr' id='par_1_6' title="bbox 44 1588 1891 1947">
     <span class='ocr_line' id='line_1_21' title="bbox 44 1588 1800 1650; baseline -0.001 -15"><span class='ocrx_word' id='word_1_163' title='bbox 44 1604 88 1635; x_wconf 85' lang='lat'>20</span> <span class='ocrx_word' id='word_1_164' title='bbox 113 1588 155 1634; x_wconf 92' lang='lat' dir='ltr'>si</span> <span class='ocrx_word' id='word_1_165' title='bbox 195 1604 293 1649; x_wconf 89' lang='lat' dir='ltr'>qua</span> <span class='ocrx_word' id='word_1_166' title='bbox 343 1591 417 1635; x_wconf 90' lang='lat' dir='ltr'>est</span> <span class='ocrx_word' id='word_1_167' title='bbox 462 1590 516 1636; x_wconf 91' lang='lat' dir='ltr'>in</span> <span class='ocrx_word' id='word_1_168' title='bbox 566 1589 641 1636; x_wconf 88' lang='lat' dir='ltr'>his</span> <span class='ocrx_word' id='word_1_169' title='bbox 691 1589 851 1650; x_wconf 88' lang='lat' dir='ltr'>culpa,</span> <span class='ocrx_word' id='word_1_170' title='bbox 904 1589 1148 1635; x_wconf 88' lang='lat' dir='ltr'>tradentis</span> <span class='ocrx_word' id='word_1_171' title='bbox 1189 1591 1276 1647; x_wconf 91' lang='lat' dir='ltr'>est,</span> <span class='ocrx_word' id='word_1_172' title='bbox 1333 1590 1435 1636; x_wconf 78' lang='lat' dir='ltr'>sive</span> <span class='ocrx_word' id='word_1_173' title='bbox 1476 1605 1587 1635; x_wconf 90' lang='lat' dir='ltr'>eum</span> <span class='ocrx_word' id='word_1_174' title='bbox 1627 1590 1800 1648; x_wconf 67' lang='lat' dir='ltr'>movit,</span> 
     </span>
     <span class='ocr_line' id='line_1_22' title="bbox 115 1661 1800 1725; baseline 0 -17"><span class='ocrx_word' id='word_1_175' title='bbox 115 1662 246 1723; x_wconf 90' lang='lat' dir='ltr'>quod</span> <span class='ocrx_word' id='word_1_176' title='bbox 282 1661 614 1725; x_wconf 83' lang='lat' dir='ltr'>Hermagoras</span> <span class='ocrx_word' id='word_1_177' title='bbox 661 1664 821 1724; x_wconf 88' lang='lat' dir='ltr'>prima</span> <span class='ocrx_word' id='word_1_178' title='bbox 861 1665 914 1709; x_wconf 89' lang='lat' dir='ltr'>in</span> <span class='ocrx_word' id='word_1_179' title='bbox 952 1663 1043 1710; x_wconf 91' lang='grc'>1100</span> <span class='ocrx_word' id='word_1_180' title='bbox 1090 1663 1197 1710; x_wconf 87' lang='grc'>1000</span> <span class='ocrx_word' id='word_1_181' title='bbox 1246 1664 1413 1724; x_wconf 78' lang='lat' dir='ltr'>posuit</span> <span class='ocrx_word' id='word_1_182' title='bbox 1467 1664 1690 1723; x_wconf 88' lang='lat' dir='ltr'>exempla</span> <span class='ocrx_word' id='word_1_183' title='bbox 1743 1679 1800 1709; x_wconf 83' lang='lat' dir='ltr'>ex</span> 
     </span>
     <span class='ocr_line' id='line_1_23' title="bbox 113 1736 1802 1801; baseline 0 -18"><span class='ocrx_word' id='word_1_184' title='bbox 113 1736 481 1798; x_wconf 82' lang='lat' dir='ltr'>quaestionibus</span> <span class='ocrx_word' id='word_1_185' title='bbox 521 1739 658 1797; x_wconf 79' lang='lat' dir='ltr'>iuriS,</span> <span class='ocrx_word' id='word_1_186' title='bbox 699 1739 802 1784; x_wconf 75' lang='lat' dir='ltr'>sive</span> <span class='ocrx_word' id='word_1_187' title='bbox 842 1737 974 1798; x_wconf 84' lang='lat' dir='ltr'>quod</span> <span class='ocrx_word' id='word_1_188' title='bbox 1015 1736 1190 1784; x_wconf 84' lang='lat' dir='ltr'>Graeci</span> <span class='ocrx_word' id='word_1_189' title='bbox 1221 1736 1588 1801; x_wconf 75' lang='grc' dir='ltr'><em>πραγματικούς</em></span> <span class='ocrx_word' id='word_1_190' title='bbox 1620 1739 1802 1785; x_wconf 80' lang='lat' dir='ltr'>vocant</span> 
     </span>
     <span class='ocr_line' id='line_1_24' title="bbox 110 1810 1891 1872; baseline 0.002 -16"><span class='ocrx_word' id='word_1_191' title='bbox 110 1811 234 1858; x_wconf 87' lang='lat' dir='ltr'>iuris</span> <span class='ocrx_word' id='word_1_192' title='bbox 273 1812 582 1872; x_wconf 82' lang='lat' dir='ltr'>interpretes.</span> <span class='ocrx_word' id='word_1_193' title='bbox 624 1811 708 1858; x_wconf 87' lang='lat' dir='ltr'>sed</span> <span class='ocrx_word' id='word_1_194' title='bbox 750 1810 918 1858; x_wconf 87' lang='lat' dir='ltr'>Cicero</span> <span class='ocrx_word' id='word_1_195' title='bbox 960 1811 1159 1872; x_wconf 79' lang='lat' dir='ltr'>quidem</span> <span class='ocrx_word' id='word_1_196' title='bbox 1189 1811 1266 1858; x_wconf 89' lang='grc'>1113</span> <span class='ocrx_word' id='word_1_197' title='bbox 1299 1811 1655 1872; x_wconf 88' lang='lat' dir='ltr'>pulcherrimos</span> <span class='ocrx_word' id='word_1_198' title='bbox 1687 1811 1801 1858; x_wconf 88' lang='lat' dir='ltr'>illos</span> <span class='ocrx_word' id='word_1_199' title='bbox 1826 1815 1891 1859; x_wconf 87' lang='grc'>60</span> 
     </span>
     <span class='ocr_line' id='line_1_25' title="bbox 114 1882 1802 1947; baseline 0.001 -16"><span class='ocrx_word' id='word_1_200' title='bbox 114 1885 172 1932; x_wconf 93' lang='lat' dir='ltr'>de</span> <span class='ocrx_word' id='word_1_201' title='bbox 227 1882 434 1932; x_wconf 90' lang='lat' dir='ltr'>Oratore</span> <span class='ocrx_word' id='word_1_202' title='bbox 491 1885 773 1945; x_wconf 88' lang='lat' dir='ltr'>substituit,</span> <span class='ocrx_word' id='word_1_203' title='bbox 834 1886 1044 1947; x_wconf 86' lang='lat' dir='ltr'>ideoque</span> <span class='ocrx_word' id='word_1_204' title='bbox 1101 1886 1305 1946; x_wconf 75' lang='lat' dir='ltr'>culpari,</span> <span class='ocrx_word' id='word_1_205' title='bbox 1360 1888 1620 1946; x_wconf 85' lang='lat' dir='ltr'>tamquam</span> <span class='ocrx_word' id='word_1_206' title='bbox 1675 1885 1802 1932; x_wconf 87' lang='lat' dir='ltr'>falsa</span> 
     </span>
    </p>

    <p class='ocr_par' dir='ltr' id='par_1_7' title="bbox 44 1959 1890 2321">
     <span class='ocr_line' id='line_1_26' title="bbox 44 1959 1802 2022; baseline 0.001 -16"><span class='ocrx_word' id='word_1_207' title='bbox 44 1974 88 2006; x_wconf 83' lang='lat'>25</span> <span class='ocrx_word' id='word_1_208' title='bbox 112 1960 402 2020; x_wconf 89' lang='lat' dir='ltr'>praecipiat,</span> <span class='ocrx_word' id='word_1_209' title='bbox 441 1976 541 2007; x_wconf 93' lang='lat' dir='ltr'>non</span> <span class='ocrx_word' id='word_1_210' title='bbox 579 1961 755 2021; x_wconf 91' lang='lat' dir='ltr'>potest.</span> <span class='ocrx_word' id='word_1_211' title='bbox 797 1975 884 2007; x_wconf 91' lang='lat' dir='ltr'>nos</span> <span class='ocrx_word' id='word_1_212' title='bbox 926 1959 987 2006; x_wconf 90' lang='lat' dir='ltr'>ad</span> <span class='ocrx_word' id='word_1_213' title='bbox 1026 1959 1383 2022; x_wconf 89' lang='lat' dir='ltr'>Hermagoran.</span> <span class='ocrx_word' id='word_1_214' title='bbox 1438 1960 1802 2007; x_wconf 83' lang='lat' dir='ltr'>translatio-</span> 
     </span>
     <span class='ocr_line' id='line_1_27' title="bbox 112 2033 1802 2095; baseline 0.001 -15"><span class='ocrx_word' id='word_1_215' title='bbox 112 2049 241 2081; x_wconf 90' lang='lat' dir='ltr'>nem</span> <span class='ocrx_word' id='word_1_216' title='bbox 278 2034 359 2081; x_wconf 89' lang='lat' dir='ltr'>hic</span> <span class='ocrx_word' id='word_1_217' title='bbox 397 2035 585 2095; x_wconf 87' lang='lat' dir='ltr'>primus</span> <span class='ocrx_word' id='word_1_218' title='bbox 626 2035 845 2081; x_wconf 88' lang='lat' dir='ltr'>omnium</span> <span class='ocrx_word' id='word_1_219' title='bbox 877 2033 1101 2093; x_wconf 86' lang='lat' dir='ltr'>tradidit,</span> <span class='ocrx_word' id='word_1_220' title='bbox 1143 2050 1443 2095; x_wconf 84' lang='lat' dir='ltr'>quamquam</span> <span class='ocrx_word' id='word_1_221' title='bbox 1477 2036 1666 2081; x_wconf 87' lang='lat' dir='ltr'>semina</span> <span class='ocrx_word' id='word_1_222' title='bbox 1698 2036 1802 2081; x_wconf 86' lang='lat' dir='ltr'>eius</span> 
     </span>
     <span class='ocr_line' id='line_1_28' title="bbox 115 2107 1802 2170; baseline 0 -16"><span class='ocrx_word' id='word_1_223' title='bbox 115 2107 358 2168; x_wconf 90' lang='lat' dir='ltr'>quaedam</span> <span class='ocrx_word' id='word_1_224' title='bbox 397 2110 523 2156; x_wconf 90' lang='lat' dir='ltr'>citra</span> <span class='ocrx_word' id='word_1_225' title='bbox 562 2124 740 2155; x_wconf 89' lang='lat' dir='ltr'>nomen</span> <span class='ocrx_word' id='word_1_226' title='bbox 778 2111 943 2170; x_wconf 89' lang='lat' dir='ltr'>ipsum</span> <span class='ocrx_word' id='word_1_227' title='bbox 977 2108 1107 2169; x_wconf 88' lang='lat' dir='ltr'>apud</span> <span class='ocrx_word' id='word_1_228' title='bbox 1138 2109 1443 2155; x_wconf 81' lang='lat' dir='ltr'>Aristotelen</span> <span class='ocrx_word' id='word_1_229' title='bbox 1473 2110 1802 2170; x_wconf 86' lang='lat' dir='ltr'>reperiuntur.</span> 
     </span>
     <span class='ocr_line' id='line_1_29' title="bbox 112 2181 1890 2244; baseline 0.001 -16"><span class='ocrx_word' id='word_1_230' title='bbox 112 2181 298 2244; x_wconf 85' lang='lat' dir='ltr'>legales</span> <span class='ocrx_word' id='word_1_231' title='bbox 338 2185 505 2230; x_wconf 90' lang='lat' dir='ltr'>autem</span> <span class='ocrx_word' id='word_1_232' title='bbox 545 2184 857 2244; x_wconf 85' lang='lat' dir='ltr'>quaestiones</span> <span class='ocrx_word' id='word_1_233' title='bbox 897 2183 984 2230; x_wconf 91' lang='lat' dir='ltr'>has</span> <span class='ocrx_word' id='word_1_234' title='bbox 1025 2183 1165 2230; x_wconf 88' lang='lat' dir='ltr'>fecit:</span> <span class='ocrx_word' id='word_1_235' title='bbox 1216 2183 1432 2244; x_wconf 87' lang='lat' dir='ltr'>scripti</span> <span class='ocrx_word' id='word_1_236' title='bbox 1483 2185 1539 2229; x_wconf 93' lang='lat' dir='ltr'>et</span> <span class='ocrx_word' id='word_1_237' title='bbox 1592 2183 1802 2230; x_wconf 83' lang='lat' dir='ltr'>volun·</span> <span class='ocrx_word' id='word_1_238' title='bbox 1828 2185 1890 2229; x_wconf 83' lang='grc'>61</span> 
     </span>
     <span class='ocr_line' id='line_1_30' title="bbox 113 2249 1804 2321; baseline 0 -18"><span class='ocrx_word' id='word_1_239' title='bbox 113 2256 263 2303; x_wconf 91' lang='lat' dir='ltr'>tatis</span> <span class='ocrx_word' id='word_1_240' title='bbox 304 2249 480 2320; x_wconf 88' lang='lat' dir='ltr'>(quam</span> <span class='ocrx_word' id='word_1_241' title='bbox 516 2257 621 2318; x_wconf 88' lang='lat' dir='ltr'>ipse</span> <span class='ocrx_word' id='word_1_242' title='bbox 661 2259 807 2304; x_wconf 85' lang='lat' dir='ltr'>vocat</span> <span class='ocrx_word' id='word_1_243' title='bbox 844 2254 966 2303; x_wconf 79' lang='grc' dir='ltr'><strong><em>κατὰ</em></strong></span> <span class='ocrx_word' id='word_1_244' title='bbox 998 2255 1147 2320; x_wconf 74' lang='grc' dir='ltr'><strong><em>ῥητὸν</em></strong></span> <span class='ocrx_word' id='word_1_245' title='bbox 1178 2254 1260 2304; x_wconf 81' lang='grc' dir='ltr'>καὶ</span> <span class='ocrx_word' id='word_1_246' title='bbox 1296 2255 1615 2321; x_wconf 74' lang='grc' dir='ltr'>ὑπεξαίρεσιν,</span> <span class='ocrx_word' id='word_1_247' title='bbox 1653 2257 1707 2303; x_wconf 88' lang='lat' dir='ltr'>id</span> <span class='ocrx_word' id='word_1_248' title='bbox 1730 2259 1804 2304; x_wconf 91' lang='lat' dir='ltr'>est</span> 
     </span>
    </p>

    <p class='ocr_par' dir='ltr' id='par_1_8' title="bbox 46 2330 1803 2470">
     <span class='ocr_line' id='line_1_31' title="bbox 46 2330 1803 2393; baseline 0 -15"><span class='ocrx_word' id='word_1_249' title='bbox 46 2346 90 2378; x_wconf 86' lang='lat'>30</span> <span class='ocrx_word' id='word_1_250' title='bbox 115 2330 304 2377; x_wconf 89' lang='lat' dir='ltr'>dictum</span> <span class='ocrx_word' id='word_1_251' title='bbox 342 2333 393 2378; x_wconf 90' lang='lat' dir='ltr'>et</span> <span class='ocrx_word' id='word_1_252' title='bbox 439 2332 797 2393; x_wconf 83' lang='lat' dir='ltr'>exceptionem:</span> <span class='ocrx_word' id='word_1_253' title='bbox 854 2347 1063 2392; x_wconf 90' lang='lat' dir='ltr'>quorum</span> <span class='ocrx_word' id='word_1_254' title='bbox 1116 2331 1256 2393; x_wconf 90' lang='lat' dir='ltr'>prius</span> <span class='ocrx_word' id='word_1_255' title='bbox 1312 2333 1357 2378; x_wconf 94' lang='grc'>01</span> <span class='ocrx_word' id='word_1_256' title='bbox 1412 2346 1521 2378; x_wconf 84' lang='grc'>011111</span> <span class='ocrx_word' id='word_1_257' title='bbox 1578 2331 1803 2379; x_wconf 88' lang='lat' dir='ltr'>omnibus</span> 
     </span>
     <span class='ocr_line' id='line_1_32' title="bbox 116 2399 1803 2470; baseline 0 -19"><span class='ocrx_word' id='word_1_258' title='bbox 116 2420 371 2452; x_wconf 89' lang='lat' dir='ltr'>commune</span> <span class='ocrx_word' id='word_1_259' title='bbox 412 2408 500 2465; x_wconf 86' lang='lat' dir='ltr'>est,</span> <span class='ocrx_word' id='word_1_260' title='bbox 542 2405 842 2466; x_wconf 83' lang='lat' dir='ltr'>exceptionis</span> <span class='ocrx_word' id='word_1_261' title='bbox 881 2421 1060 2453; x_wconf 91' lang='lat' dir='ltr'>nomen</span> <span class='ocrx_word' id='word_1_262' title='bbox 1099 2406 1262 2453; x_wconf 87' lang='lat' dir='ltr'>minus</span> <span class='ocrx_word' id='word_1_263' title='bbox 1295 2399 1575 2470; x_wconf 81' lang='lat' dir='ltr'>usitatum),</span> <span class='ocrx_word' id='word_1_264' title='bbox 1613 2407 1803 2452; x_wconf 88' lang='lat' dir='ltr'>ratio-</span> 
     </span>
    </p>
   </div>
   <div class='ocr_carea' id='block_1_3' title="bbox 236 2576 783 2629">
    <p class='ocr_par' dir='ltr' id='par_1_9' title="bbox 236 2576 783 2629">
     <span class='ocr_line' id='line_1_33' title="bbox 236 2576 783 2629; baseline 0 -10"><span class='ocrx_word' id='word_1_265' title='bbox 236 2581 291 2620; x_wconf 87' lang='lat'>13</span> <span class='ocrx_word' id='word_1_266' title='bbox 323 2576 392 2620; x_wconf 86' lang='lat' dir='ltr'>De</span> <span class='ocrx_word' id='word_1_267' title='bbox 423 2577 514 2619; x_wconf 73' lang='lat' dir='ltr'>inv.</span> <span class='ocrx_word' id='word_1_268' title='bbox 550 2582 588 2628; x_wconf 86' lang='lat'>1,</span> <span class='ocrx_word' id='word_1_269' title='bbox 624 2582 693 2629; x_wconf 86' lang='lat'>11,</span> <span class='ocrx_word' id='word_1_270' title='bbox 728 2581 783 2619; x_wconf 69' lang='lat'>14</span> 
     </span>
    </p>
   </div>
   <div class='ocr_carea' id='block_1_4' title="bbox 120 2738 1804 2911">
    <p class='ocr_par' dir='ltr' id='par_1_10' title="bbox 120 2738 1804 2911">
     <span class='ocr_line' id='line_1_34' title="bbox 238 2738 1803 2795; baseline 0 -14"><span class='ocrx_word' id='word_1_271' title='bbox 238 2743 262 2781; x_wconf 83' lang='lat'><strong>7</strong></span> <span class='ocrx_word' id='word_1_272' title='bbox 295 2753 437 2793; x_wconf 85' lang='lat' dir='ltr'>quam</span> <span class='ocrx_word' id='word_1_273' title='bbox 474 2738 800 2795; x_wconf 76' lang='grc' dir='ltr'><em>πραγματικήν</em></span> <span class='ocrx_word' id='word_1_274' title='bbox 839 2747 929 2782; x_wconf 89' lang='lat' dir='ltr'>BP</span> <span class='ocrx_word' id='word_1_275' title='bbox 956 2741 1008 2794; x_wconf 81' lang='lat' dir='ltr'>cf</span> <span class='ocrx_word' id='word_1_276' title='bbox 1039 2739 1102 2782; x_wconf 72' lang='lat' dir='ltr'>[H</span> <span class='ocrx_word' id='word_1_277' title='bbox 1137 2744 1204 2793; x_wconf 88' lang='grc'>10,</span> <span class='ocrx_word' id='word_1_278' title='bbox 1246 2744 1272 2781; x_wconf 81' lang='lat'><strong>4</strong></span> <span class='ocrx_word' id='word_1_279' title='bbox 1308 2739 1372 2782; x_wconf 80' lang='lat' dir='ltr'>IV</span> <span class='ocrx_word' id='word_1_280' title='bbox 1409 2745 1448 2793; x_wconf 92' lang='lat'>1,</span> <span class='ocrx_word' id='word_1_281' title='bbox 1482 2744 1537 2782; x_wconf 86' lang='lat'>63</span> <span class='ocrx_word' id='word_1_282' title='bbox 1570 2739 1611 2782; x_wconf 92' lang='lat' dir='ltr'><strong>V</strong></span> <span class='ocrx_word' id='word_1_283' title='bbox 1646 2744 1714 2793; x_wconf 87' lang='lat'>13,</span> <span class='ocrx_word' id='word_1_284' title='bbox 1750 2743 1803 2781; x_wconf 84' lang='lat'>16</span> 
     </span>
     <span class='ocr_line' id='line_1_35' title="bbox 239 2798 1804 2855; baseline 0 -15"><span class='ocrx_word' id='word_1_285' title='bbox 239 2802 292 2840; x_wconf 85' lang='lat'>10</span> <span class='ocrx_word' id='word_1_286' title='bbox 324 2798 619 2842; x_wconf 85' lang='lat' dir='ltr'>iuridicalem</span> <span class='ocrx_word' id='word_1_287' title='bbox 657 2799 780 2843; x_wconf 76' lang='lat' dir='ltr'>solus</span> <span class='ocrx_word' id='word_1_288' title='bbox 817 2799 879 2840; x_wconf 74' lang='lat' dir='ltr'>Al</span> <span class='ocrx_word' id='word_1_289' title='bbox 1033 2803 1084 2842; x_wconf 85' lang='lat'>18</span> <span class='ocrx_word' id='word_1_290' title='bbox 1132 2813 1204 2842; x_wconf 85' lang='lat' dir='ltr'>res</span> <span class='ocrx_word' id='word_1_291' title='bbox 1237 2801 1398 2855; x_wconf 81' lang='lat' dir='ltr'>gestae</span> <span class='ocrx_word' id='word_1_292' title='bbox 1440 2799 1545 2841; x_wconf 71' lang='lat' dir='ltr'>AP¹</span> <span class='ocrx_word' id='word_1_293' title='bbox 1667 2803 1719 2841; x_wconf 81' lang='lat'>21</span> <span class='ocrx_word' id='word_1_294' title='bbox 1754 2799 1804 2840; x_wconf 85' lang='lat' dir='ltr'>id</span> 
     </span>
     <span class='ocr_line' id='line_1_36' title="bbox 120 2857 843 2911; baseline 0.001 -12"><span class='ocrx_word' id='word_1_295' title='bbox 120 2857 246 2911; x_wconf 89' lang='lat' dir='ltr'>quod</span> <span class='ocrx_word' id='word_1_296' title='bbox 277 2866 339 2899; x_wconf 71' lang='lat' dir='ltr'>ab</span> <span class='ocrx_word' id='word_1_297' title='bbox 461 2863 515 2900; x_wconf 76' lang='lat'>‘22</span> <span class='ocrx_word' id='word_1_298' title='bbox 549 2857 663 2900; x_wconf 89' lang='lat' dir='ltr'>iuris</span> <span class='ocrx_word' id='word_1_299' title='bbox 696 2872 766 2902; x_wconf 88' lang='lat' dir='ltr'>om</span> <span class='ocrx_word' id='word_1_300' title='bbox 799 2865 843 2900; x_wconf 85' lang='lat' dir='ltr'><em>B</em></span> 
     </span>
    </p>
   </div>
  </div>
 </body>
</html>
