2055 3130
253 63 359 114 154
744 61 1119 114 QVINTILIANI
1141 62 1215 105 ,IN
1217 61 1299 105 ST.
1334 61 1427 106 ΟΒ.

248 217 346 248 11011
385 196 582 248 occidi':
622 216 685 248 an
725 200 968 248 occiderit.
1009 197 1338 248 ‘honorandus
1378 215 1506 248 sum:
1555 216 1652 248 non
1692 197 1758 250 es’
1799 218 1919 248 num

249 276 433 321 statum
465 272 645 321 habet?
683 289 795 335 non,
827 276 883 320 ut
913 276 1048 335 puto.
1092 271 1420 322 ‘honorandus
1445 290 1566 334 sum,
1607 276 1725 335 quia
1747 277 1916 336 tyran-

248 364 367 394 num
391 347 565 395 occidi:
597 363 694 394 non
720 343 983 394 occidisti’:
1016 348 1237 408 quaestio
1263 349 1312 394 et
1336 349 1507 394 status.
1548 348 1775 395 similiter
1800 344 1918 395 ‘non

164 421 223 464 75
247 422 376 467 recte
425 421 551 483 agis:
606 422 735 467 recte
784 416 895 482 ago’
948 436 1047 466 non
1083 421 1234 467 habet
1272 423 1469 468 statum.
1523 421 1613 467 ubi
1657 423 1731 468 est
1769 419 1915 484 ergo?

251 490 365 540 ‘non
415 496 544 540 recte
596 493 699 555 agis
739 489 1126 555 ignominiosus'.
1167 496 1421 555 quaeritur
1460 509 1523 540 an
1563 494 1915 555 ignominiosus
1963 514 1983 545 5

248 568 327 625 sit,
367 569 455 613 aut
486 582 550 613 an
581 582 724 628 agere
763 568 1090 628 ignominioso
1122 567 1290 614 liceat:
1324 569 1632 628 quaestiones
1665 569 1715 614 et
1745 569 1916 614 status.

249 655 363 701 ergo
402 640 752 687 translativum
798 655 952 702 genus
993 655 1180 699 causae,
1219 643 1275 686 ut
1315 640 1689 701 conparativum
1727 642 1776 687 et
1813 657 1919 686 mu-

163 714 223 758 76
248 716 362 759 tuae
404 714 742 760 accusationis.
792 716 843 759 at
883 714 1013 760 enim
1051 714 1210 760 simile
1250 716 1324 761 est
1361 713 1439 759 1111
1479 710 1652 761 ‘habeo
1691 714 1782 771 ius,
1821 730 1919 761 non

248 782 416 833 habes'
443 782 604 848 <1100>
632 782 886 847 ε0001111311,
911 789 1040 833 recte
1066 782 1252 834 occidi’.
1294 803 1390 833 non
1415 803 1554 848 nego,
1582 787 1666 834 sed
1687 801 1776 834 nec
1799 788 1920 834 11300

248 874 323 906 res
365 862 545 906 statum
587 861 729 906 facit:
768 875 866 906 non
907 861 1036 907 enim
1061 863 1175 907 sunt
1197 861 1289 907 hae
1322 862 1682 921 propositiones
1715 857 1920 922 (alioqui
1943 879 1984 910 ιο

249 948 396 979 031133
435 949 531 980 11011
572 926 933 997 explicabitur),
980 933 1064 981 sed
1103 949 1213 980 cum
1253 936 1353 980 suis
1392 934 1681 981 rationibus.
1745 929 1918 980 ‘scelus

249 1007 495 1053 commisit
532 1006 784 1065 Horatius,
824 1022 1039 1054 sororem
1079 1009 1209 1053 enim
1242 1003 1462 1054 occidit':
1505 1003 1618 1054 ‘non
1661 1007 1919 1066 commisit,

251 1079 420 1126 debuit
458 1081 588 1126 enim
627 1080 843 1127 occidere
884 1096 1005 1139 eam,
1047 1096 1170 1141 quae
1209 1081 1365 1128 hostis
1396 1083 1603 1128 mortem
1634 1077 1919 1127 maerebat':

163 1154 219 1196 77
251 1153 486 1213 quaestio,
527 1169 588 1199 an
627 1154 747 1200 haec
785 1154 917 1201 iusta
949 1169 1116 1212 causa,
1155 1155 1228 1200 ita
1262 1155 1488 1214 qualitas.
1530 1170 1585 1201 ac
1617 1154 1845 1201 similiter
1868 1154 1920 1200 in

248 1227 535 1273 tralatione:
578 1223 694 1273 ‘non
726 1227 873 1274 habes
906 1228 981 1273 ius
1018 1227 1293 1286 abdicandi,
1330 1230 1446 1288 quia
1470 1227 1796 1289 ignominioso
1821 1243 1919 1274 non
1944 1245 1985 1277 15

249 1302 322 1347 est
354 1296 528 1347 actio':
571 1297 743 1347 ‘habeo
774 1302 866 1359 ius,
900 1301 1015 1361 quia
1049 1299 1293 1348 abdicatio
1327 1302 1455 1348 actio
1488 1317 1586 1347 non
1619 1297 1733 1347 est’:
1775 1316 1920 1361 quae-

250 1375 388 1432 ritur,
429 1374 547 1435 quid
586 1376 652 1420 sit
691 1376 841 1433 actio:
895 1374 1120 1421 finiemus
1163 1370 1278 1420 ‘non
1317 1375 1433 1421 licet
1479 1369 1724 1421 abdicare'
1772 1375 1919 1434 syllo-

249 1448 420 1509 gismo.
475 1449 595 1493 item
642 1450 803 1493 cetera
856 1463 944 1507 per
993 1463 1158 1495 omnes
1213 1450 1262 1494 et
1314 1448 1579 1494 rationales
1636 1450 1684 1494 et
1736 1447 1919 1510 legales

164 1519 223 1563 78
248 1523 419 1568 status.
461 1536 548 1568 nec
593 1522 767 1583 ignoro
815 1521 964 1567 fuisse
1013 1521 1263 1581 quosdam,
1311 1521 1396 1581 qui
1441 1522 1814 1568 translationem
1867 1522 1920 1567 in

248 1595 483 1640 rationali
537 1610 728 1655 quoque
777 1609 951 1657 genere
1005 1597 1243 1655 ponerent
1287 1595 1380 1641 1100
1429 1594 1596 1642 modo:
1654 1591 1919 1641 ‘hominem
1944 1612 1986 1643 20

249 1667 406 1714 occidi
444 1669 603 1715 iussus
644 1668 704 1714 ab
743 1669 1060 1728 imperatore:
1102 1668 1229 1715 dona
1267 1668 1442 1729 templi
1480 1669 1676 1730 cogenti
1706 1670 1919 1728 tyranno

250 1740 381 1787 dedi:
422 1741 613 1788 deserui
651 1742 1043 1802 tempestatibus,
1093 1742 1390 1801 fluminibus,
1437 1741 1720 1788 valetudine
1767 1743 1921 1802 impe-

163 1813 222 1856 79
249 1810 416 1873 ditus’,
456 1814 502 1860 id
548 1817 633 1873 est,
672 1831 769 1862 non
810 1831 897 1876 per
934 1831 1010 1861 me
1052 1817 1203 1873 stetit,
1244 1815 1326 1862 sed
1366 1831 1453 1876 per
1490 1814 1626 1862 illud.
1675 1830 1704 1861 a
1743 1815 1918 1876 quibus

249 1890 399 1934 etiam
438 1888 639 1934 liberius
681 1888 936 1947 dissentio,
989 1904 1086 1935 non
1126 1888 1255 1935 enim
1296 1891 1423 1935 actio
1478 1888 1790 1947 transfertur,
1836 1889 1921 1935 sed

249 1976 396 2008 causa
436 1962 569 2021 facti,
612 1962 740 2022 quod
781 1962 958 2008 accidit
996 1978 1150 2022 paene
1175 1963 1227 2008 in
1253 1964 1387 2009 0111111
1411 1961 1702 2009 defensione.
1744 1961 1918 2008 deinde
1944 1978 1985 2009 25

247 2035 304 2093 is,
345 2037 430 2095 qui
468 2035 560 2081 tali
597 2037 756 2081 utitur
794 2035 1084 2096 patrocinio,
1131 2052 1227 2082 non
1267 2036 1450 2083 recedit
1490 2051 1519 2082 a
1557 2036 1715 2082 forma
1761 2035 1918 2096 quali-

247 2110 394 2167 tatis:
435 2108 553 2155 dicit
593 2111 722 2155 enim
761 2124 811 2156 se
851 2109 995 2170 culpa
1034 2125 1223 2168 vacare,
1262 2111 1318 2155 ut
1356 2110 1514 2171 magis
1548 2109 1804 2169 qualitatis
1834 2109 1917 2155 du-

249 2182 360 2244 plex
399 2184 527 2228 ratio
568 2182 791 2229 facienda
831 2182 909 2241 sit,
951 2183 1131 2241 altera,
1172 2199 1269 2243 qua
1316 2185 1366 2229 et
1404 2183 1588 2229 factum
1628 2181 1919 2241 defenditur,

250 2256 421 2314 altera,
461 2271 558 2315 qua
596 2258 792 2302 tantum
830 2271 954 2302 reus.

159 2323 224 2368 80
361 2328 665 2375 Credendum
705 2332 778 2377 est
808 2331 963 2390 igitur
993 2329 1068 2388 iis,
1110 2345 1316 2390 quorum
1349 2331 1693 2376 auctoritatem
1725 2331 1917 2377 secutus
1942 2345 1984 2377 30

251 2405 323 2449 est
363 2402 544 2459 Cicero,
583 2404 681 2449 tria
721 2418 838 2462 esse,
880 2419 1003 2463 quae
1042 2405 1094 2449 in
1135 2404 1269 2450 omni
1307 2402 1639 2464 disputatione
1681 2418 1918 2463 quaeran-

249 2478 350 2522 tur:
392 2491 461 2521 an
502 2478 602 2534 sit,
644 2476 782 2537 quid
822 2477 925 2536 sit,
966 2477 1137 2537 quale
1179 2478 1280 2536 sit,
1321 2476 1450 2537 quod
1473 2477 1582 2537 ipsa
1606 2475 1745 2524 nobis
1771 2476 1920 2523 etiam

369 2679 394 2715 4
426 2687 516 2716 non
548 2674 691 2718 habet
733 2701 787 2706 -—
829 2689 937 2730 ergo
970 2689 1037 2718 om
1071 2683 1107 2716 Α
1289 2679 1312 2717 9
1344 2675 1432 2718 hoc
1475 2674 1568 2718 add
1614 2675 1745 2718 Gertz

253 2737 305 2775 13
338 2736 484 2776 morte
516 2741 561 2775 B
752 2738 806 2777 14
840 2735 912 2791 30]
946 2736 992 2776 et
1023 2742 1059 2775 A
1277 2739 1330 2777 15
1363 2733 1665 2776 translatione
1707 2741 1750 2775 Ρ

251 2791 555 2893 ilflaabodicare
588 2792 735 2835 filium
766 2801 802 2834 Α
829 2795 835 2848 Ι
865 2792 1158 2849 syllogismos
1198 2800 1242 2835 B
1265 2792 1559 2848 syllogismus
1592 2800 1636 2834 P
1752 2796 1806 2834 23
1839 2805 1922 2847 per
