2055 3130
237 72 270 124 2
275 72 346 123 90
789 68 1162 122 QVINTILIANI
1191 67 1340 112 INST.
1375 67 1467 112 ΟΒ.

238 213 363 258 1111111
403 212 656 257 accusator
693 209 807 255 lecti
841 224 869 254 a
900 209 1100 255 tribuno
1134 208 1313 255 codicis
1344 208 1627 268 pollicetur:
1667 207 1789 253 facit
1817 206 1911 254 hoc

243 284 410 331 Cicero
443 298 814 344 supervacuum,
846 282 962 342 quia
993 283 1098 342 ipse
1130 282 1358 328 fateatur.
1392 281 1519 341 petit
1552 281 1912 327 accusationem

240 358 292 404 in
331 357 534 404 Verrem
575 355 626 410 Q.
669 354 923 415 Caecilius,
963 355 1092 416 quod
1130 355 1295 402 fuerat
1327 356 1554 414 quaestor
1587 354 1710 400 eius:
1749 354 1912 414 ipsum

154 438 216 482 19
245 430 411 477 Cicero
452 432 507 476 ut
544 444 633 490 pro
674 444 724 476 se
763 428 1010 475 videretur
1050 427 1220 475 effecit.
1261 430 1435 487 cetera,
1475 442 1601 487 quae
1633 441 1911 487 proponun-

239 507 334 563 tur,
365 503 634 550 communis
658 502 793 549 locus
816 501 977 548 habet.
1011 503 1098 548 aut
1122 502 1248 547 enim
1276 501 1552 547 coniectura
1585 500 1911 558 excutiuntur,
1957 513 1978 546 5

243 593 303 623 an
343 592 459 624 vera
499 576 612 635 sint,
653 577 739 621 aut
777 574 1011 633 finitione,
1052 590 1111 620 an
1152 574 1366 635 propria,
1417 575 1505 619 aut
1545 572 1800 633 qualitate,
1848 587 1912 619 an

241 650 514 708 inhonesta,
553 649 740 709 iniqua,
795 648 1019 708 inproba,
1057 647 1347 706 inhumana,
1396 646 1611 693 crudelia
1651 648 1698 692 et
1737 647 1913 703 cetera,

155 730 217 774 20
244 739 368 784 quae
409 724 455 770 ei
494 722 659 784 generi
699 721 938 769 accidunt.
981 737 1131 781 eaque
1172 736 1268 767 non
1307 720 1452 766 modo
1484 719 1533 765 in
1565 719 1913 780 propositioni-

241 796 331 843 bus
373 799 457 843 aut
494 795 784 854 rationibus,
836 794 920 841 sed
957 795 1010 840 in
1047 796 1168 840 toto·
1195 809 1368 855 genere
1409 792 1615 840 actionis
1655 791 1913 838 intuenda:

243 886 303 916 an
345 870 410 917 sit
450 869 672 927 crudelis,
711 871 770 914 ut
809 867 1012 914 Labieni
1043 867 1094 914 in
1125 867 1381 914 Rabirium
1411 866 1518 927 lege
1549 865 1914 926 perduellionis,
1938 880 1982 912 10

241 944 524 1001 inhumana,
572 945 630 988 ut
669 941 938 988 Tuberonis
984 940 1238 1003 Ligarium
1290 940 1479 987 exulem
1528 940 1802 986 accusantis
1843 942 1914 985 at-

245 1032 336 1077 que
383 1016 434 1062 id
492 1017 697 1078 agentis,
746 1031 805 1062 ne
856 1015 900 1061 ei
953 1012 1130 1062 Caesar
1179 1016 1415 1077 ignoscat,
1467 1012 1692 1073 superba,
1745 1014 1804 1058 ut
1863 1013 1916 1058 in

244 1089 458 1150 Oppium
506 1105 562 1136 ex
610 1089 822 1150 epistula
870 1087 1041 1135 Cottae
1088 1103 1226 1134 reum
1275 1088 1482 1134 factum:
1530 1085 1729 1146 perinde
1775 1100 1916 1147 prae-

157 1171 216 1215 21
245 1163 432 1224 cipites,
482 1163 760 1216 insidiosae,
811 1163 1088 1222 inpotentes
1140 1160 1577 1221 deprehenduntur.
1630 1175 1686 1205 ex
1741 1158 1915 1220 quibus

244 1240 409 1284 tamen
449 1236 715 1283 fortissime
754 1236 1007 1295 invaseris,
1059 1234 1186 1295 quod
1227 1237 1299 1280 est
1340 1236 1425 1280 aut
1464 1232 1689 1280 omnibus
1728 1232 1914 1292 pericu·
1941 1245 1985 1278 15

244 1311 418 1370 losum,
459 1313 515 1357 ut
555 1309 673 1356 dicit
715 1307 881 1356 Cicero
922 1324 1010 1369 pro
1051 1307 1235 1354 Tullio:
1285 1303 1412 1367 ‘quis
1452 1306 1543 1354 hoc
1590 1306 1769 1354 statuit
1812 1321 1915 1352 um-

246 1400 393 1445 quam
435 1387 519 1430 aut
559 1384 638 1429 cui
678 1383 877 1429 concedi
916 1383 1018 1429 sine
1044 1396 1231 1428 summo
1259 1382 1476 1427 omnium
1500 1379 1716 1440 periculo
1742 1380 1918 1440 potest,

245 1460 301 1504 ut
340 1473 449 1504 eum
488 1458 594 1503 iure
632 1458 852 1517 potuerit
891 1455 1124 1513 occidere,
1179 1471 1207 1501 a
1248 1469 1342 1514 quo
1393 1454 1623 1500 metuisse
1675 1467 1724 1499 se
1772 1451 1918 1511 dicat,

245 1547 304 1578 ne
344 1531 448 1591 ipse
488 1532 728 1590 posterius
769 1525 1120 1576 occideretur‘.>⁹
1165 1531 1249 1574 aut
1288 1528 1408 1588 ipsis
1440 1526 1697 1585 iudicibus,
1736 1528 1792 1573 ut
1829 1540 1917 1587 pro

248 1602 407 1665 Oppio
447 1606 614 1651 monet
651 1603 897 1663 pluribus,
943 1618 1003 1650 ne
1053 1601 1177 1648 illud
1227 1601 1432 1648 actionis
1480 1615 1629 1662 genus
1676 1601 1729 1646 in
1776 1615 1918 1660 eque·
1943 1613 1988 1644 20
2043 1603 2049 1610 ’

159 1686 220 1729 22
247 1682 396 1726 strem
443 1677 662 1724 ordinem
711 1677 989 1724 admittant.
1049 1690 1417 1735 nonnumquam
1463 1676 1629 1720 tamen
1677 1673 1918 1733 quaedam

246 1752 368 1798 bene
410 1754 458 1798 et
497 1753 873 1798 contemnuntur
922 1750 1001 1796 vel
1051 1752 1304 1809 tamquam
1355 1749 1484 1795 levia
1537 1747 1618 1794 vel
1663 1749 1920 1807 tamquam

248 1825 309 1871 ad
351 1840 549 1872 causam
587 1824 712 1870 nihil
752 1823 1061 1884 pertinentia.
1101 1823 1270 1869 multis
1311 1822 1401 1868 hoc
1433 1822 1551 1868 locis
1584 1821 1706 1868 facit
1739 1818 1918 1866 Cicero.

248 1902 295 1945 et
333 1899 454 1946 haec
493 1898 742 1944 simulatio
783 1899 978 1944 interim
1025 1897 1120 1942 huc
1175 1911 1326 1956 usque
1382 1894 1617 1955 procedit,
1672 1896 1741 1951 ut,
1796 1908 1920 1954 quae

249 1972 453 2019 dicendo
486 1972 702 2018 refutare
734 1987 832 2018 non
863 1985 1135 2031 possumus,
1168 1969 1309 2030 quasi
1342 1967 1637 2016 fastidiendo
1664 1967 1917 2014 calcemus.
1945 1980 1988 2012 25

160 2053 221 2096 23
361 2045 603 2102 Quoniam
643 2060 756 2091 vero
796 2045 1011 2090 maxima
1048 2058 1162 2104 pars
1210 2058 1375 2089 eorum
1423 2041 1665 2089 similibus
1713 2042 1919 2098 constat,

248 2119 526 2166 rimandum
578 2120 670 2165 erit
719 2117 1107 2181 diligentissime,
1159 2116 1276 2177 quid
1317 2117 1382 2163 sit
1430 2115 1482 2161 in
1532 2129 1741 2175 quoque,
1789 2113 1922 2174 quod

254 2193 544 2250 adsumitur,
585 2192 834 2238 dissimile.
875 2191 920 2237 in
963 2192 1066 2237 iure
1106 2191 1250 2236 facile
1290 2188 1625 2249 deprenditur:
1674 2190 1747 2234 est
1793 2186 1922 2233 enim

250 2268 489 2328 scriptum
528 2266 586 2312 de
625 2265 767 2312 rebus
814 2265 986 2326 utique
1036 2263 1255 2322 diversis,
1301 2266 1538 2323 tantoque
1586 2263 1744 2324 magis
1790 2262 1922 2321 ipsa-

2043 1073 2052 1217 ...ufflum
2032 1004 2052 1061 -.έ-
2039 911 2052 993 W
2037 876 2052 915 Α

370 2425 421 2462 16
457 2435 479 2462 6
514 2424 583 2472 24,
616 2425 671 2462 56
706 2445 759 2451 —
795 2423 849 2461 20
881 2418 922 2462 fr
955 2420 1007 2463 A.
1039 2419 1101 2461 III
1135 2422 1157 2460 7
1192 2417 1252 2461 M.

371 2571 394 2609 3
430 2566 478 2618 Q.
514 2575 573 2609 P:
608 2567 656 2609 L.
690 2574 774 2608 AB
944 2570 968 2607 5
1001 2565 1129 2608 locus
1161 2578 1231 2608 om
1262 2571 1351 2606 BP
1380 2566 1660 2617 (communes
1692 2561 1817 2605 locos
1841 2561 1922 2604 ha-

251 2626 362 2669 bent
386 2643 417 2667 a
443 2627 541 2680 edd)
664 2630 688 2668 8
723 2625 765 2668 ei
789 2639 857 2668 om
882 2633 918 2666 A
947 2627 952 2679 Ι
981 2624 1216 2680 accidunt]
1244 2622 1496 2666 succedunt
1519 2621 1579 2663 Α2
1606 2624 1611 2677 Ι
1638 2620 1775 2663 1110ᾱο
1800 2633 1869 2663 om
1887 2628 1923 2661 Α

371 2690 394 2727 9
428 2685 476 2726 111
508 2699 577 2728 om
608 2692 653 2726 B
758 2688 810 2726 13
842 2683 1033 2739 perinde
1069 2683 1258 2726 Gesner:
1289 2681 1481 2737 proinde
1591 2684 1643 2722 19
1676 2679 1922 2736 posterius]

251 2743 408 2799 potius
440 2745 673 2786 Francius
702 2743 830 2798 prius
865 2743 1200 2798 Capperoomz'er
1364 2744 1418 2782 23
1451 2739 1562 2782 fecit
1594 2747 1630 2780 A
1790 2742 1845 2780 24
1878 2740 1926 2780 et

254 2811 310 2844 A:
345 2802 425 2844 sed
457 2809 546 2844 BP
663 2807 716 2845 26
748 2815 853 2844 vero
886 2809 988 2843 BP:
1022 2801 1069 2842 in
1102 2801 1185 2842 has
1211 2799 1299 2842 erit
1321 2812 1425 2841 vero
1462 2806 1529 2840 Ab
1567 2799 1624 2852 (q.
1657 2812 1697 2840 v.
1723 2796 1928 2839 maxima
2053 2778 2055 2838 l

253 2874 361 2916 pars
395 2861 710 2903 adsumtorum
743 2859 971 2902 similibus
1005 2860 1186 2901 constat
1217 2859 1377 2913 Halm)
