2055 3130
52 1257 92 1288 15

768 60 843 103 m.
878 63 920 113 8,
953 64 1141 102 58—70.
1697 61 1802 112 175

73 243 80 249 .
117 202 261 249 video
303 202 515 249 eminere
556 200 838 259 virtutibus,
886 202 937 247 et
977 198 1225 247 Ciceronis
1273 201 1546 246 sententiae
1595 203 1643 246 et
1693 214 1804 246 con-

117 275 277 323 tiones
315 291 413 322 non
453 277 615 321 minus
656 275 858 332 clarum,
912 289 1060 334 quam
1101 276 1175 320 est
1212 273 1265 319 in
1306 273 1699 321 accusationibus
1748 289 1803 320 ac

118 349 499 407 defensionibus,
552 347 861 409 eloquentiae
906 348 1072 394 lumen
1122 347 1399 394 ostendunt.
1463 347 1583 394 dicit
1636 351 1802 394 tamen

117 423 249 470 idem
304 423 361 469 de
417 423 638 470 sua-soria
691 421 783 468 hoc
844 421 1014 468 modo:
1073 417 1197 468 ‘tota
1253 425 1418 468 autem
1474 422 1633 468 oratio
1690 421 1804 468 sim-

118 498 231 558 plex
309 500 357 543 et
443 497 607 558 gravis
694 500 743 542 et
827 495 1082 543 sententiis
1168 495 1314 542 debet
1397 495 1618 542 ornatior
1702 510 1804 542 esse

119 587 267 631 quam
320 566 518 617 verbis'.
594 585 739 616 usum
786 570 1119 630 exemplorum
1174 569 1303 615 nulli
1356 570 1593 616 materiae
1648 569 1804 632 magis
1831 577 1895 620 66

119 644 378 692 convenire
416 645 593 691 merito
633 644 734 691 fere
775 659 940 690 omnes
981 646 1310 703 consentiunt,
1359 659 1467 690 cum
1514 644 1804 704 plerumque

117 717 380 765 videantur
429 718 724 778 respondere
775 718 947 764 futura
996 719 1277 778 praeteritis
1331 717 1670 778 habeaturque
1727 733 1803 763 ex-

117 793 448 854 perimentum
486 792 625 838 velut
664 792 912 853 quoddam
950 793 1161 839 rationis
1192 792 1545 838 testimonium.
1586 792 1803 838 brevitas
1831 799 1892 842 62·

118 882 312 927 quoque
354 869 440 912 aut
480 867 621 926 copia
654 883 751 913 non
785 882 963 928 genere
1002 867 1256 925 materiae,
1297 866 1382 913 sed
1411 866 1556 913 modo
1589 868 1805 925 constat,

117 957 235 988 nam
272 944 328 986 ut
366 942 419 986 in
461 941 678 988 consiliis
719 940 1011 1001 plerumque
1044 941 1317 1001 simplicior
1348 941 1572 1001 quaestio
1606 942 1694 999 est,
1733 942 1805 986 ita

118 1030 262 1075 saepe
300 1016 351 1060 in
393 1016 552 1061 causis
590 1015 763 1061 minor.

230 1088 365 1144 Quae
415 1090 581 1135 omnia
638 1105 755 1136 vera
811 1104 913 1136 esse
962 1090 1115 1147 sciet,
1162 1090 1206 1136 si
1253 1090 1362 1149 quis
1409 1104 1508 1135 non
1557 1089 1806 1135 orationes

119 1162 279 1222 modo,
320 1163 404 1209 sed
434 1163 668 1210 historias
710 1164 860 1210 etiam
901 1156 1138 1227 (namque
1178 1163 1228 1209 in
1262 1163 1338 1210 his
1372 1165 1624 1210 contiones
1659 1166 1806 1223 atque

119 1237 391 1284 sententiae
437 1237 730 1298 plerumque
778 1237 1019 1284 suadendi
1066 1252 1123 1284 ac
1170 1237 1485 1285 dissuadendi
1531 1238 1808 1299 funguntur

119 1305 304 1377 officio)
352 1312 513 1373 legere
561 1312 794 1359 maluerit
843 1328 993 1372 quam
1040 1312 1092 1357 in
1140 1313 1505 1359 commentariis
1551 1312 1805 1358 rhetorum

59 1408 62 1411 v
119 1400 479 1443 consenescere,
519 1387 739 1433 inveniet
778 1387 909 1433 enim
948 1401 1037 1433 nec
1074 1387 1127 1433 in
1168 1387 1385 1433 consiliis
1426 1385 1638 1446 abrupta
1661 1385 1807 1432 initia
1832 1391 1898 1435 (38

52 1629 94 1660 20

55 1999 95 2031 25

118 1463 166 1506 et
206 1461 501 1507 concitatius
542 1475 687 1521 saepe
733 1461 785 1506 in
835 1460 1033 1507 iudiciis
1082 1460 1266 1507 dictum
1325 1463 1374 1508 et
1426 1460 1578 1507 verba
1634 1462 1807 1521 aptata

117 1533 262 1581 rebus
301 1534 352 1580 in
392 1537 603 1595 utroque
645 1551 820 1598 genere
862 1538 910 1582 et
947 1535 1196 1582 breviores
1238 1535 1506 1596 aliquando
1548 1550 1808 1582 causarum

119 1610 365 1655 orationes
407 1625 556 1669 quam
596 1610 966 1656 sententiarum.
1008 1624 1067 1655 ne
1107 1610 1198 1656 ffla
1237 1609 1437 1670 quidem
1482 1611 1535 1655 in
1581 1609 1643 1656 iis
1681 1608 1807 1655 vitia
1833 1614 1899 1659 69

121 1682 405 1743 deprendet,
447 1683 622 1743 quibus
664 1684 866 1743 quidam
907 1683 1262 1731 declamatores
1301 1684 1546 1742 laborant,
1587 1682 1720 1744 quod
1759 1686 1807 1729 et

120 1759 291 1803 contra
331 1758 655 1805 sentientibus
688 1758 954 1805 inhumane
980 1759 1321 1805 conviciantur
1346 1761 1395 1805 et
1417 1759 1489 1804 ita
1513 1758 1806 1819 plerumque

120 1831 305 1891 dicunt,
344 1834 599 1892 tamquam
643 1832 703 1879 ab
743 1832 819 1890 iis,
869 1833 954 1893 qui
994 1832 1250 1892 deliberat,
1295 1833 1468 1893 utique
1520 1832 1805 1879 dissentiat:

118 1905 326 1967 ideoque
374 1905 751 1968 obiurgantibus
799 1906 1061 1954 similiores
1110 1909 1226 1953 sunt
1273 1923 1422 1968 quam
1474 1906 1805 1953 suadentibus.

120 1980 240 2027 haec
267 1980 602 2028 adulescentes
629 1980 724 2028 sibi
756 1982 941 2043 scripta
967 1981 1139 2041 sciant,
1172 1997 1233 2026 ne
1260 1982 1419 2040 aliter,
1453 1997 1598 2042 quam
1627 1980 1808 2027 dicturi
1837 1986 1902 2029 ’ΞΟ

119 2058 249 2113 sunt,
291 2056 505 2101 exerceri
542 2055 699 2102 velint
739 2057 788 2102 et
826 2057 877 2101 in
913 2055 1252 2102 desuescendis
1283 2059 1549 2103 morentur.
1592 2057 1807 2102 ceterum

119 2144 231 2175 cum
293 2129 524 2176 advocari
587 2131 839 2190 coeperint
898 2131 950 2176 in
1022 2130 1229 2177 consilia
1291 2131 1583 2189 amicorum,
1647 2129 1807 2176 dicere

120 2204 417 2250 sententiam
457 2205 509 2249 'm
549 2207 736 2264 senatU,
794 2203 998 2251 suadere
1039 2205 1081 2250 si
1127 2204 1247 2266 quid
1295 2204 1517 2252 consulet
1561 2205 1809 2266 princeps,

120 2277 251 2337 quod
290 2279 567 2338 praeceptis
606 2278 816 2325 fortasse
855 2294 954 2326 non
995 2278 1212 2339 credunt,
1252 2294 1346 2325 usu
1385 2278 1702 2326 docebuntur.

240 2452 263 2490 3
297 2448 420 2491 Part.
455 2451 570 2492 orat.
606 2454 674 2502 27,
710 2453 762 2492 97

242 2617 296 2655 10
331 2615 545 2656 constant
576 2622 622 2656 B
750 2620 802 2657 11
837 2614 887 2656 in
926 2628 993 2658 om
1027 2623 1064 2656 Α
1196 2618 1249 2656 18
1292 2615 1403 2670 apta
1436 2622 1473 2655 A
1596 2616 1651 2656 23
1692 2612 1811 2656 deli-

120 2673 287 2716 berant
320 2679 438 2714 NPb
465 2674 471 2729 1
501 2674 783 2717 dissentiant
814 2681 903 2716 BP
953 2725 956 2726 ⁷
1022 2678 1076 2725 28
1111 2673 1321 2717 consulet
1351 2673 1589 2731 princeps]
1623 2675 1671 2715 et
1702 2686 1812 2715 con-

120 2732 210 2775 suli
243 2734 288 2774 et
319 2731 522 2788 principi
552 2741 590 2774 A
624 2734 658 2789 (i
689 2748 710 2777 e
742 2733 973 2776 consultet
1002 2732 1270 2789 princeps?)
1394 2737 1448 2775 29
1483 2733 1676 2775 credant
1705 2739 1751 2774 B
