2012 3151
639 64 711 106 VI.
747 68 786 117 3,
823 68 1067 107 107-112.
1102 68 1142 117 4,
1178 70 1303 108 1—5.
1710 67 1813 119 351

137 205 331 253 diversa
385 205 638 265 opinione,
702 220 850 264 quam
912 205 1051 265 sequi
1107 203 1265 266 magis
1320 204 1644 265 probantibus
1697 206 1817 253 libe-

134 297 244 326 mm
285 281 371 326 est.

668 402 767 461 [DE
800 401 1301 461 ALTERCATIONE]

245 500 329 547 IV.
369 500 723 546 Altercationis
762 500 1026 559 praecepta
1065 501 1299 559 poterant
1336 499 1495 546 videri
1533 502 1651 546 tunc
1682 500 1813 547 inco-
1849 503 1877 546 1

92 592 110 624 5
134 574 313 634 handa,
355 589 459 620 oum
504 575 684 632 omnia,
737 588 860 633 quae
902 572 964 619 ad
1004 573 1292 619 continuam
1340 575 1615 620 orationem
1665 575 1820 634 perti—

138 651 271 708 nent,
320 647 642 710 peregissem,
682 663 796 693 nam
838 648 911 693 est
956 662 1073 692 usus
1114 648 1216 694 eius
1258 647 1425 694 ordine
1465 647 1696 694 ultimus:
1737 647 1822 695 sed

138 738 251 770 cum
291 723 356 769 sit
394 723 559 783 posita
597 723 650 767 in
683 721 787 768 sola
819 721 1105 768 inventione
1136 737 1296 781 neque
1328 721 1506 767 habere
1541 721 1820 782 dispositio-

136 813 249 842 nem
287 797 444 857 possit
483 811 571 842 nec
612 795 901 842 elocutionis
936 798 1226 842 ornamenta
1256 811 1554 857 magnopere
1581 795 1823 843 desideret

137 874 224 917 aut
287 871 415 917 circa
468 869 755 916 memoriam
810 871 858 915 et
911 869 1367 930 pronuntiationem
1419 869 1633 929 laboret,
1686 869 1824 931 prius

0 981 1 984 1
73 961 113 992 10
139 960 287 1006 quam
338 942 600 991 secundam
653 943 870 1003 quinque
921 943 1163 1004 partium,
1225 944 1365 1002 hano,
1428 959 1554 1004 quae
1600 946 1708 991 tota
1763 960 1820 990 ex

138 1019 298 1079 prima
337 1016 530 1077 pendet,
578 1018 881 1064 tractaturus
922 1032 1021 1063 non
1069 1017 1228 1063 alieno
1275 1018 1382 1064 loco
1432 1018 1623 1065 videor:
1673 1033 1821 1078 quam

139 1093 401 1152 scriptores
443 1090 531 1137 alii
569 1091 779 1138 fortasse
818 1090 927 1137 ideo
968 1092 1291 1151 reliquerunt,
1332 1091 1449 1152 quia
1489 1093 1608 1139 sat-is
1650 1093 1823 1139 ceteris

136 1165 413 1227 praeceptis
475 1165 527 1210 in
580 1164 707 1211 hanc
770 1180 964 1226 quoque
1019 1165 1283 1212 videbatur
1338 1180 1440 1212 esse
1494 1168 1822 1227 prospectum.

138 1242 332 1287 constat
386 1239 515 1285 enim
566 1242 653 1285 aut
701 1241 977 1286 intentione
1034 1242 1118 1286 aut
1174 1239 1474 1299 depulsione,
1529 1240 1587 1287 de
1642 1239 1819 1301 quibus
1853 1241 1886 1285 2

74 1331 114 1362 15
141 1316 260 1362 satis
315 1313 556 1360 traditum
611 1315 699 1372 est,
755 1314 872 1374 quia
931 1313 1172 1374 quidquid
1225 1315 1278 1360 in
1333 1316 1524 1362 actione
1585 1316 1825 1375 perpetua

141 1389 269 1435 circa
309 1387 624 1447 probationes
663 1388 785 1434 utile
827 1390 914 1447 est,
953 1387 1086 1434 idem
1123 1389 1176 1433 in
1215 1387 1306 1434 hac
1345 1389 1483 1435 brevi
1524 1391 1672 1449 atque
1714 1403 1824 1436 0011-

140 1464 242 1509 0133
280 1463 439 1523 prosit
463 1476 661 1508 necesse
693 1464 777 1508 est.
818 1477 976 1523 neque
1010 1462 1109 1508 alia
1142 1462 1372 1508 dicuntur
1403 1463 1455 1508 in
1488 1462 1826 1521 altercatione,

140 1536 224 1583 sed
264 1536 423 1595 aliter,
479 1538 564 1582 aut
609 1536 961 1598 interrogando
1017 1538 1104 1582 aut
1157 1536 1510 1597 respondendo.
1563 1538 1700 1584 cuius
1753 1537 1827 1583 rei

66 1611 68 1613 ’
139 1610 240 1657 fere
281 1609 438 1657 omnis
480 1609 759 1657 observatio
798 1610 849 1656 in
897 1610 984 1656 illo
1032 1611 1231 1658 testium
1281 1610 1388 1657 loco
1439 1626 1639 1659 excussa
1685 1610 1825 1659 nobis

75 1701 116 1732 :20
142 1687 227 1731 est.
268 1687 434 1731 tamen
476 1685 593 1744 quia
644 1684 794 1731 latius
849 1684 941 1731 hoc
996 1700 1118 1745 opus
1174 1685 1394 1746 adgressi
1448 1700 1613 1733 sumus
1663 1701 1821 1746 neque
1854 1685 1887 1729 3

139 1758 384 1819 perfectus
425 1760 592 1805 orator
639 1758 742 1805 sine
795 1759 889 1805 hac
934 1759 1120 1805 virtute
1176 1758 1274 1805 dici
1326 1762 1510 1820 potest,
1564 1760 1826 1821 paululum

139 1832 464 1894 inpendamus
503 1831 617 1879 huic
659 1848 853 1894 quoque
893 1833 1157 1894 peculiaris
1199 1848 1397 1894 operae,
1451 1849 1576 1894 quae
1628 1834 1826 1895 quidem

139 1908 191 1953 in
232 1906 527 1967 quibusdam
575 1908 734 1954 causis
790 1907 852 1954 ad
906 1907 1169 1954 victoriam
1223 1907 1302 1954 vel
1353 1908 1623 1968 plurimum
1677 1908 1824 1954 valet.

140 1996 257 2027 nam
294 1982 351 2027 ut
389 1980 441 2027 in
482 1980 724 2040 qualitate
764 1981 998 2044 generali,
1037 1982 1086 2027 in
1130 1997 1227 2042 qua
1258 1984 1452 2028 rectene
1485 1982 1672 2029 facturn
1706 1981 1823 2042 quid
1857 1981 1887 2025 4

76 2071 116 2103 ‘25
144 2070 205 2101 an
259 2056 428 2101 contra
476 2056 541 2101 sit
596 2055 864 2116 quaeritur,
917 2058 1158 2117 perpetua
1213 2056 1496 2103 dominatur
1551 2056 1723 2116 oratio,
1780 2058 1828 2102 et

144 2128 483 2190 quaestionem
520 2128 760 2176 finitionis
803 2130 1020 2176 actiones
1073 2131 1361 2191 plerumque
1414 2131 1535 2177 satis
1580 2130 1827 2192 explicant

143 2205 192 2249 et
231 2204 395 2249 omnia
434 2218 603 2263 paene,
657 2203 706 2249 in
751 2203 926 2264 quibus
974 2203 1033 2251 de
1080 2205 1212 2251 facto
1265 2206 1459 2251 constat
1506 2207 1594 2251 aut
1642 2205 1829 2252 coniec-

141 2288 254 2323 tura
296 2276 547 2324 artificiali
592 2279 785 2324 ratione
834 2278 1105 2340 colligitur:
1151 2279 1226 2325 ita
1263 2278 1314 2325 in
1362 2280 1424 2326 iis
1474 2279 1653 2339 causis,
1702 2294 1827 2339 quae

145 2354 261 2397 sunt
298 2352 751 2412 frequentissimae,
800 2367 925 2412 quae
972 2352 1052 2399 vel
1100 2353 1215 2400 solis
1264 2355 1401 2399 extra
1449 2355 1606 2399 artem
1653 2352 1827 2414 proba-

80 2443 121 2473 30
145 2424 364 2472 tionibus
403 2426 483 2472 vel
520 2427 687 2473 mixtis
737 2428 1063 2485 continentur,
1121 2427 1389 2488 asperrima
1442 2427 1494 2472 in
1547 2427 1641 2473 hac
1687 2429 1827 2488 parte

146 2498 399 2547 dimicatio
448 2502 534 2559 est,
589 2514 677 2546 nec
726 2499 846 2546 alibi
894 2499 1073 2548 dixeris
1118 2503 1278 2563 magis
1325 2516 1557 2548 mucrone
1602 2501 1827 2564 pugnari.

145 2589 260 2619 nam
300 2576 350 2620 et
386 2573 669 2621 firmissima
718 2589 941 2635 quaeque
987 2575 1252 2622 memoriae
1299 2575 1476 2623 iudicis
1529 2574 1826 2622 inculcanda
1859 2572 1890 2615 5

268 2764 320 2800 12
354 2759 629 2813 reliquerint
665 2768 754 2802 GM
873 2765 927 2803 13
960 2764 1258 2816 prospectum
1291 2770 1350 2804 P:
1383 2760 1642 2816 perfectum
1665 2768 1835 2802 AGVM

232 2856 236 2859 .
267 2822 320 2859 14
354 2819 455 2876 aut]
489 2833 543 2861 ex
574 2837 607 2860 a
634 2823 639 2873 1
669 2823 751 2863 aut
781 2828 927 2862 PVM:
962 2834 1016 2863 ac
1039 2829 1118 2862 AG
1149 2822 1200 2875 cf
1223 2820 1287 2862 HI
1319 2825 1359 2875 ὅ,
1394 2826 1416 2862 1
1541 2825 1595 2863 25
1622 2820 1829 2862 domina—

146 2879 222 2919 tur
252 2885 387 2920 APV:
423 2878 623 2920 donatur
657 2886 747 2920 GM
