2055 3130
778 61 831 105 V.
867 66 936 117 13,
971 67 1159 105 47—58.
1697 65 1804 116 297

125 203 448 264 praecipuum
488 204 573 249 est.
625 217 738 248 nam
786 201 877 248 illa
922 217 1113 249 summa
1162 217 1277 248 cura
1318 203 1595 249 securitatis
1637 205 1710 250 est
1748 205 1809 251 si·
1837 203 1903 247 5⁶2.

126 277 287 336 milis,
340 278 581 336 tantaque
633 276 686 321 in
748 277 971 322 oratione
1029 277 1318 335 auctoritas,
1383 279 1438 322 ut
1502 276 1809 336 probationis

126 350 290 397 locum
330 351 553 411 optineat
592 349 818 395 dubitare
858 349 998 396 nobis
1037 365 1136 396 non
1176 349 1484 396 audentibus.
1523 365 1685 410 porro,
1727 351 1812 410 qui

129 425 309 483 scierit,
349 423 469 484 quid
506 437 621 483 pars
662 421 882 481 adversa,
939 422 1059 483 quid
1097 426 1267 469 nostra
1305 423 1488 470 habeat
1533 424 1812 470 valentissi-

85 513 104 544 5
129 515 278 557 mum,
319 497 465 544 facile
503 496 758 555 iudicabit,
799 497 978 556 quibus
1018 498 1230 544 maxime
1269 497 1414 544 rebus
1446 498 1525 543 vel
1558 513 1812 544 occurren-

129 571 249 618 dum
288 572 353 617 sit
391 570 471 617 vel
508 569 804 616 instandum.

241 643 370 691 Ordo
412 643 608 704 quidem
646 644 698 689 in
730 647 870 703 parte
901 644 1040 691 nulla
1070 646 1233 691 minus
1267 644 1430 691 adfert
1460 644 1657 693 laboris.
1697 660 1813 691 nam
1839 651 1906 695 53

130 720 172 765 si
212 719 427 780 agimus,
475 718 644 763 nostra
693 717 1025 764 confirmanda
1076 721 1188 765 sunt
1238 720 1474 779 primum,
1529 721 1635 765 tum
1688 734 1812 780 quae

129 792 310 839 nostris
351 793 681 852 opponuntur,
720 792 1007 839 refutanda:
1048 793 1089 838 si
1119 792 1485 853 respondemus,
1526 792 1660 854 prius
1694 793 1814 839 inci-

63 882 105 913 10
128 866 364 926 piendum
404 880 432 911 a
470 865 785 911 refutatione.
826 869 1096 912 nascuntur
1135 869 1300 913 autem
1341 882 1398 912 ex
1436 867 1511 927 iis,
1553 883 1677 927 quae
1703 882 1815 914 con-
1841 872 1909 917 54

129 938 417 986 tradictioni
456 940 788 999 opposuimus,
831 940 957 986 aliae
999 940 1433 1000 contradictiones,
1482 943 1695 1001 euntque
1741 942 1814 986 in-

129 1014 275 1060 terim
314 1012 533 1074 longius:
573 1014 631 1058 ut
671 1013 1007 1075 gladiatorum
1046 1030 1236 1073 manus,
1287 1030 1410 1075 quae
1452 1015 1691 1061 secundae
1731 1030 1814 1062 vo-

129 1090 319 1146 cantur,
357 1086 484 1133 fiunt
523 1088 572 1133 et
609 1089 802 1147 tertiae,
843 1087 883 1134 si
922 1089 1084 1148 prima
1118 1088 1181 1134 ad
1212 1088 1513 1135 evocandum
1547 1088 1817 1136 adversarii

128 1161 284 1207 ictum
321 1161 519 1222 prolata
561 1163 680 1219 erat,
721 1164 770 1207 et
810 1164 1030 1222 quartae,
1080 1164 1123 1209 si
1163 1164 1412 1224 geminata
1462 1162 1680 1222 captatio
1730 1166 1816 1221 est,

63 1251 103 1282 15
128 1237 186 1282 ut
223 1234 299 1282 bis
341 1249 527 1293 cavere,
565 1235 641 1281 bis
680 1239 898 1296 repetere
940 1238 1227 1297 oportuerit.
1270 1252 1394 1297 quae
1433 1237 1562 1283 ratio
1604 1239 1652 1283 et
1682 1236 1817 1283 ultra

131 1309 278 1356 ducit.
320 1308 404 1356 sed
442 1309 583 1354 illam
624 1309 787 1368 etiam,
829 1325 977 1371 quam
1011 1325 1159 1371 supra
1201 1310 1405 1370 ostendi,
1447 1311 1720 1371 simplicem
1760 1326 1817 1357 ex
1843 1317 1911 1362 55

131 1383 404 1431 adfectibus
447 1384 592 1443 atque
635 1398 691 1429 ex
733 1383 1073 1431 adfirmatione
1114 1385 1218 1432 sola
1257 1384 1601 1445 probationem
1640 1385 1817 1445 recipit

128 1457 382 1516 refutatio,
425 1457 585 1517 qualis
627 1461 698 1504 est
737 1457 826 1504 illa
868 1457 1056 1518 Scauri,
1098 1458 1155 1505 de
1197 1474 1294 1519 qua
1334 1474 1484 1520 supra
1524 1459 1646 1518 dixi,
1699 1460 1819 1519 quin

129 1532 293 1578 nescio
335 1547 397 1577 an
439 1531 590 1577 etiam
631 1531 950 1593 frequentior,
991 1532 1077 1579 ubi
1118 1533 1236 1593 quid
1274 1536 1496 1595 negatur.
1552 1533 1819 1580 videndum

63 1622 105 1652 20
128 1607 392 1666 praecipue
447 1604 646 1665 utrique
694 1608 848 1666 parti,
895 1606 984 1652 ubi
1036 1608 1099 1653 sit
1153 1607 1225 1654 rei
1280 1623 1492 1667 summa,
1547 1623 1663 1653 nam
1717 1608 1818 1654 fere

132 1679 326 1739 accidit,
366 1681 424 1725 ut
463 1680 515 1725 in
556 1680 715 1727 causis
755 1680 915 1726 multa
956 1681 1202 1741 dicantur,
1251 1681 1308 1728 de
1349 1683 1518 1743 paucis
1557 1681 1816 1728 iudicetur.

242 1753 302 1800 In
339 1753 415 1800 his
455 1753 700 1813 probandi
737 1754 1088 1816 refutandique
1127 1757 1256 1803 ratio
1291 1759 1378 1815 est,
1419 1756 1503 1803 sed
1536 1755 1818 1803 adiuvanda
1845 1763 1913 1806 56

129 1827 318 1875 viribus
359 1827 564 1875 dicentis
598 1830 647 1874 et
679 1828 978 1875 adornanda.
1022 1829 1295 1889 quamlibet
1335 1830 1464 1876 enim
1505 1831 1604 1877 sint
1647 1829 1707 1876 ad
1747 1829 1817 1876 di-

132 1901 356 1961 cendum,
397 1901 530 1962 quod
568 1903 812 1961 volumus,
854 1903 1238 1962 accommodata,
1278 1905 1445 1951 ieiuna
1468 1907 1637 1951 tamen
1676 1906 1819 1950 erunt

65 1991 105 2022 25
132 1977 181 2022 et
217 1975 430 2034 infirma,
469 1976 566 2023 nisi
604 1976 789 2023 maiore
831 1977 1047 2038 quodam
1087 1980 1298 2025 oratoris
1333 1978 1511 2039 spiritu
1534 1978 1818 2039 implentur.

133 2065 283 2111 quare
324 2053 371 2096 et
417 2049 494 2096 illi
543 2065 821 2098 communes
869 2052 965 2098 loci
1013 2051 1070 2098 de
1117 2052 1348 2111 testibus,
1397 2052 1454 2098 de
1502 2052 1708 2111 tabulis,
1761 2052 1819 2098 de
1845 2059 1909 2103 57

134 2125 439 2186 argumentis
481 2124 690 2185 aliisque
724 2125 966 2172 similibus
998 2142 1232 2188 magnam
1264 2126 1366 2173 vim
1400 2127 1576 2174 animis
1599 2127 1820 2174 iudicum

132 2198 376 2256 adferunt,
417 2201 465 2245 et
503 2198 556 2244 hi
593 2200 798 2260 proprii,
838 2200 1020 2260 quibus
1060 2200 1247 2247 factum
1287 2200 1516 2261 quodque
1556 2200 1818 2247 laudamus

133 2274 222 2319 aut
261 2274 432 2320 contra
462 2274 650 2319 iustum
681 2273 760 2319 vel
791 2274 1031 2321 iniustum
1064 2274 1306 2335 docemus,
1346 2275 1505 2321 maius
1532 2278 1618 2322 aut
1641 2275 1820 2333 minus,

65 2362 108 2394 30
134 2347 352 2407 asperius
394 2349 479 2393 aut
518 2346 702 2394 mitius.
753 2364 810 2394 ex
847 2349 924 2394 his
965 2351 1131 2395 autem
1172 2349 1261 2395 alii
1301 2349 1360 2395 ad
1402 2351 1820 2409 comparationem

133 2421 439 2483 singulorum
489 2425 892 2484 argumentorum
938 2423 1149 2483 faciunt,
1199 2423 1288 2469 alii
1336 2422 1396 2469 ad
1443 2424 1685 2484 plurium,
1733 2423 1821 2469 alii

135 2494 197 2541 ad
235 2496 388 2542 totius
431 2510 605 2543 causae
646 2495 1033 2543 inclinationem.
1083 2513 1139 2543 ex
1181 2497 1356 2558 quibus
1399 2500 1511 2544 sunt
1552 2499 1641 2559 qui
1677 2513 1818 2558 prae-
1846 2503 1912 2548 58

253 2700 276 2737 9
309 2696 438 2751 prius
473 2705 532 2738 P:
565 2696 671 2752 plus
703 2704 787 2738 AB
907 2702 1049 2740 9-10
1082 2697 1171 2740 inc.
1207 2699 1276 2740 est
1309 2711 1336 2740 a
1370 2706 1413 2740 P
1541 2701 1592 2741 13
1628 2711 1820 2740 evocan-

134 2755 244 2797 dum
278 2756 473 2811 Reyius:
511 2757 772 2798 vocandum
923 2761 978 2798 23
1013 2757 1223 2799 ornanda
1253 2765 1291 2798 ‚1
1319 2759 1324 2814 Ι
1354 2757 1614 2800 docendum
1647 2758 1821 2812 Regius

254 2818 309 2856 24
333 2814 490 2857 ieiuna-
515 2816 736 2858 Bonnell:
759 2815 1013 2870 pecuniaA
1038 2830 1108 2859 om
1131 2823 1221 2858 BP
1321 2821 1374 2859 27
1403 2816 1598 2870 aliisque
1623 2823 1685 2858 B:
1713 2815 1819 2858 aliis

134 2881 179 2916 P
208 2872 407 2928 aliisque
437 2874 510 2915 his
541 2874 601 2915 ΑΞ
746 2878 800 2916 28
835 2877 879 2917 et
912 2875 948 2917 ii
971 2883 1099 2917 ABP
1124 2878 1129 2931 Ι
1159 2875 1375 2930 quodque
1407 2876 1602 2933 Regius.-
1633 2888 1818 2929 quoque
