2055 3130
259 72 370 124 210
756 70 1130 122 QVINTILIANI
1159 69 1309 114 msr.
1344 71 1435 114 on..

260 211 410 271 ducit,
451 211 535 258 sed
572 210 733 257 verbis
775 210 924 256 etiam
971 209 1257 271 vulgaribus
1306 213 1354 255 et
1408 209 1666 257 cotidianis
1722 212 1770 256 et
1824 212 1929 257 arte
2050 188 2055 245 ⁴

260 285 452 332 occulta
485 287 770 331 consecutus
811 285 903 329 est:
945 298 1069 343 quae
1101 283 1313 329 sialiter
1344 282 1476 329 dicta
1508 284 1681 342 essent,
1721 284 1930 343 strepitu
2047 267 2055 318 l

171 360 232 403 59
261 360 368 419 ipso
394 358 605 404 iudicem
639 356 698 403 ad
726 355 1097 402 custodiendum
1121 359 1383 416 patronum
1408 357 1712 402 excitassent.
1752 356 1930 419 frigere

260 431 488 478 videntur
526 430 623 476 ista
662 430 924 491 plerisque,
965 429 1048 475 sed
1086 429 1178 476 hoc
1216 431 1323 489 ipso
1363 428 1677 476 manifestum
1708 432 1794 488 est,
1835 445 1929 490 quo

258 504 402 550 modo
450 504 661 549 iudicem
706 502 953 561 fefellerit,
1011 502 1141 561 quod
1190 502 1272 549 vix
1312 518 1340 548 a
1379 503 1559 548 lectore
1601 502 1928 562 deprenditur.
1977 519 1996 551 5

170 579 234 622 60
259 579 379 624 haec
412 580 540 636 sunt,
589 592 713 637 quae
755 575 1038 622 credibilem
1076 575 1263 622 faciant
1309 575 1673 635 expositionem.
1721 591 1834 622 nam
1879 575 1932 622 id

261 650 472 711 quidem,
542 667 601 695 ne
666 665 764 709 qua
827 650 1075 696 contraria
1145 652 1231 694 aut
1300 650 1628 709 repugnantia
1698 648 1750 694 in
1822 663 1932 694 nar-

258 724 447 771 ratione
503 723 748 782 dicamus,
811 723 853 768 si
908 721 983 767 cui
1037 722 1435 782 praecipiendum
1491 724 1583 781 est,
1636 723 1678 768 is
1739 722 1934 782 reliqua

258 798 442 844 frustra
491 797 705 855 docetur,
758 797 907 841 etiam
958 795 998 841 si
1050 794 1250 856 quidam
1299 796 1558 856 scriptores
1611 796 1791 841 artium
1839 795 1931 841 hoc

260 886 451 932 quoque
500 873 755 930 tamquam
817 868 1063 916 occultum
1124 871 1172 915 et
1227 884 1255 914 a
1310 884 1359 915 se
1420 868 1684 929 prudenter
1737 870 1930 915 erutum
1955 885 2000 916 ιο
2050 902 2055 959 Ι

258 945 474 991 tradunt.
2048 966 2055 1000 1

174 1018 233 1061 61
373 1018 464 1064 His
496 1016 654 1063 tribus
678 1015 912 1062 narrandi
934 1015 1201 1062 virtutibus
1235 1015 1457 1061 adiciunt
1482 1015 1681 1076 quidam
1706 1016 1931 1077 magni·
2052 1002 2055 1029 ¹

256 1092 588 1149 ficentiam,
632 1106 777 1149 quam
826 1086 1233 1152 μεγαλοπρέπειαν
1273 1092 1462 1147 vocant,
1513 1103 1636 1149 quae
1683 1104 1839 1148 neque
1879 1089 1931 1134 in

258 1180 424 1212 omnes
465 1179 634 1210 causas
675 1163 807 1209 cadit
847 1156 984 1226 (nam
1010 1162 1128 1222 quid
1159 1164 1211 1207 in
1234 1162 1480 1222 plerisque
1505 1161 1698 1209 iudiciis
1721 1161 1929 1222 privatis

258 1239 315 1284 de
358 1240 490 1284 certa
531 1236 729 1293 credita,
769 1237 929 1282 locato
971 1239 1018 1282 et
1043 1236 1295 1283 conducto,
1335 1235 1608 1281 interdictis
1633 1234 1810 1281 habere
1833 1235 1929 1281 loci
1955 1251 1998 1282 15

256 1315 419 1372 potest-
459 1325 605 1370 supra
645 1309 846 1356 modum
885 1325 934 1355 se
973 1309 1151 1356 tollens
1186 1302 1415 1373 oratio‘?),
1457 1325 1611 1369 neque
1639 1323 1827 1368 semper
1859 1311 1931 1354 est

171 1386 233 1428 62
261 1385 414 1443 utilis,
453 1386 510 1430 ut
548 1384 627 1430 vel
665 1383 887 1443 proximo
929 1383 1148 1442 exemplo
1188 1383 1458 1428 Miloniano
1498 1384 1650 1442 patet.
1692 1384 1740 1428 et
1763 1383 1929 1428 memi-

258 1461 472 1505 nerimus
512 1457 693 1503 multas
735 1472 837 1502 esse
879 1471 1064 1515 causas,
1104 1456 1155 1501 in
1195 1456 1370 1516 quibus
1411 1455 1751 1514 confit-endum,
1792 1470 1931 1502 excu-

258 1532 477 1590 sandum,
517 1529 902 1577 submit-tendum
941 1530 1006 1577 sit
1046 1529 1172 1590 quod
1215 1530 1518 1590 exponimus:
1562 1528 1736 1589 quibus
1776 1529 1930 1576 omni-

256 1606 345 1652 bus
388 1605 546 1652 aliena
588 1607 661 1651 est
698 1604 787 1649 illa
820 1602 1211 1665 magnificentiae
1237 1604 1406 1649 virtus.
1448 1617 1598 1663 quare
1637 1617 1734 1649 non
1773 1603 1930 1663 magis
1955 1618 1999 1650 20

257 1680 512 1740 proprium
552 1677 849 1724 narrationis
901 1679 973 1723 est
1019 1676 1276 1738 magnifice
1325 1676 1482 1722 dicere
1532 1692 1676 1736 quam
1730 1677 1928 1721 misera-

258 1753 436 1811 biliter,
477 1751 733 1809 invidiose,
775 1752 1005 1813 graviter,
1046 1749 1266 1806 dulciter,
1305 1749 1511 1796 urbane:
1553 1764 1675 1809 quae
1701 1764 1810 1795 cum
1841 1764 1928 1796 suo

259 1842 450 1887 quoque
491 1826 600 1872 loco
641 1824 737 1870 sint
775 1824 1064 1883 laudabilia,
1109 1839 1205 1869 non
1247 1826 1359 1870 sunt¹
1397 1823 1509 1870 huic
1555 1822 1689 1883 parti
1733 1823 1929 1883 proprie

259 1900 520 1961 adsignata
561 1902 610 1945 et
647 1898 783 1944 velut
824 1897 1002 1944 dedita.

169 1973 231 2016 63
368 1973 462 2019 Illa
526 1988 717 2032 quoque
788 1975 842 2018 ut-
902 1972 1177 2017 narrationi
1239 1973 1377 2030 apta,
1453 1971 1524 2016 ita
1580 1985 1688 2016 cum
1758 1969 1928 2016 ceteris
1953 1985 1997 2017 25

258 2047 482 2107 partibus
524 2046 793 2092 communis
835 2048 905 2092 est
946 2046 1116 2102 virtus,
1167 2059 1314 2104 quam
1355 2043 1651 2090 Theodectes
1690 2042 1806 2090 huic
1842 2043 1929 2089 uni

258 2122 454 2181 proprie
509 2119 667 2177 dedit3
731 2134 828 2165 non
891 2119 1018 2163 enim
1080 2116 1390 2180 magnificam
1452 2116 1594 2163 modo
1648 2117 1756 2163 vult
1810 2131 1929 2175 esse,

257 2210 427 2240 verum
468 2194 616 2239 etiam
663 2192 978 2238 iucundam
1019 2191 1380 2252 expositionem.
1433 2192 1547 2237 sunt
1587 2191 1673 2250 qui
1711 2189 1929 2236 adiciant

170 2265 232 2310 64
257 2267 332 2313 his
381 2265 765 2324 evidentiam,
821 2281 944 2325 quae
993 2263 1211 2328 ἐνάργεια
1261 2263 1440 2311 Graece
1496 2265 1712 2310 vocatur.
1769 2279 1957 2329 neque-

259 2356 348 2402 ego
390 2355 685 2400 quemquam
718 2339 1002 2399 deceperim,
1043 2340 1098 2384 ut
1137 2337 1437 2384 dissimulem
1474 2336 1695 2384 Ciceroni
1734 2352 1926 2397 quoque
1952 2353 1996 2385 30

377 2484 430 2522 30
464 2479 575 2535 Top.
610 2484 680 2531 26,
714 2483 766 2520 97

378 2631 402 2667 3
436 2626 588 2680 ipsum
621 2625 823 2668 iudicem
856 2625 1022 2667 deinde
1054 2627 1301 2680 patronum
1334 2631 1422 2666 BP
1456 2626 1460 2678 l
1500 2623 1673 2679 frigida
1703 2631 1791 2665 BP

259 2690 284 2727 4
318 2685 469 2740 ipsum
486 2692 574 2726 BP
588 2700 653 2726 om
675 2693 701 2725 b
802 2689 826 2726 6
844 2697 951 2726 nam
968 2697 1025 2726 ne
1044 2683 1274 2726 contraria
1292 2690 1379 2725 BP
1461 2688 1482 2724 7
1511 2696 1548 2724 a.
1576 2682 1665 2725 sibi
1681 2695 1870 2737 repugn.
1890 2690 1927 2723 Α

377 2747 402 2785 8
433 2743 632 2800 reliqua]
666 2744 746 2798 res—1
779 2748 913 2785 BnN
936 2755 1051 2797 eque
1077 2750 1129 2795 P,
1164 2756 1228 2785 om
1255 2749 1328 2792 By
1351 2742 1399 2783 in
1425 2755 1502 2784 ras
1621 2746 1674 2783 22
1708 2754 1789 2783 suo
1815 2754 1927 2795 quo-

259 2815 348 2856 que
380 2811 437 2844 A:
473 2815 654 2856 quoque
687 2801 793 2844 BP²
824 2815 914 2855 quo
948 2802 1008 2843 Ρ1
1042 2815 1122 2843 suo
1148 2809 1175 2842 b
1268 2805 1322 2842 24
1354 2800 1480 2842 velut
1511 2814 1580 2843 om
1604 2807 1692 2841 ΒΡ
1779 2804 1833 2841 25
1858 2799 1928 2841 ita

259 2875 363 2903 cum
396 2861 559 2903 ceteris
593 2869 652 2902 P:
686 2861 843 2915 itaque
877 2859 1040 2903 ceteris
1072 2867 1117 2902 Β
1145 2860 1213 2902 ita
1246 2859 1408 2902 ceteris
1441 2871 1623 2913 quoque
1653 2866 1688 2899 Α
