2007 3120
64 532 82 563 5

41 903 83 934 10

41 1274 82 1305 15

41 1647 84 1677 20

43 2018 84 2049 25

44 2389 87 2421 30

782 74 815 117 Ι.
865 78 904 127 6,
941 79 1127 117 14-26.
1735 74 1807 124 43

107 218 289 265 sarium
333 232 482 276 quam
519 217 654 263 recta
694 212 913 262 locutio‘.>
953 216 1103 261 immo
1143 213 1496 261 inhaerendum
1540 216 1585 261 ei
1623 214 1803 273 iudico,

107 291 272 352 quoad
324 291 466 349 licet,
531 290 616 336 (1111
680 291 829 336 0113111
893 288 1203 336 mutantibus
1258 289 1657 351 repugnandum:
1722 288 1805 336 sed

108 365 298 412 abolita
345 367 494 424 atque
543 363 783 427 abrogata
828 364 1042 409 retinere
1090 362 1382 409 insolentiae
1435 362 1690 410 cuiusdam
1732 366 1804 409 est

108 442 157 486 et
193 439 402 485 frivolae
448 438 503 484 in
548 439 716 499 parvis
755 438 1040 483 iactantiae.
1111 437 1325 483 multum
1365 438 1498 483 enim
1535 437 1802 495 litteratus,
1833 439 1892 482 21

109 515 196 574 qui
235 515 338 561 sine
374 512 678 573 aspiratione
719 514 768 558 et
806 504 1049 572 producta
1089 511 1302 558 secunda
1343 511 1537 572 syllaba
1574 511 1806 557 salutarit

109 581 317 652 (‘avere'
354 589 427 634 est
460 580 630 651 enim),
664 588 712 633 et
747 581 1051 633 ‘calefacere'
1089 586 1269 632 dixerit
1299 587 1465 646 potius
1501 601 1651 645 quam
1677 584 1808 645 quod

108 662 314 709 dicimus
363 664 412 708 et
453 656 876 719 ‘conservavisse',
926 660 1001 707 his
1051 660 1234 706 adiciat
1285 655 1428 706 ‘face'
1480 662 1530 706 et
1572 655 1714 706 ‘dice'
1759 667 1806 705 et

107 736 304 783 similia.
374 738 509 783 recta
559 737 633 782 est
678 735 798 782 haec
838 736 942 781 via:
998 735 1108 795 quis
1148 732 1332 796 negat?
1397 733 1481 782 sed
1521 733 1712 780 adiacet
1755 736 1803 780 et
1833 736 1895 780 22

105 810 306 857 mollior
345 813 394 856 et
432 811 592 872 magis
631 809 765 856 trita.
823 824 911 870 ego
952 811 1119 856 tamen
1159 825 1259 856 non
1300 809 1398 855 alio
1437 808 1597 870 magis
1641 823 1807 870 angor,

110 900 261 945 quam
310 884 442 945 quod
489 884 701 945 obliquis
750 883 943 931 casibus
993 883 1130 929 ducti
1169 883 1321 929 etiam
1360 883 1546 944 primas
1588 881 1682 929 sibi
1721 898 1808 943 po-

108 960 310 1006 sitiones
342 975 441 1005 non
473 959 711 1017 invenire,
744 957 829 1005 sed
860 960 1053 1004 mutare
1084 959 1395 1018 permittunt,
1428 959 1484 1002 ut
1511 971 1622 1003 011111
1649 952 1805 1002 ‘ebur’

108 1035 158 1079 et
198 1029 400 1092 ‘robur’,
446 1034 520 1080 ita
568 1032 701 1080 dicta
750 1048 807 1078 ac
854 1033 1040 1092 scripta
1088 1033 1291 1079 summis
1341 1031 1638 1091 auctoribus,
1686 1032 1738 1077 in
1781 1047 1807 1077 o

106 1107 330 1154 litteram
378 1107 618 1154 secundae
667 1106 889 1168 syllabae
936 1107 1258 1165 transferunt,
1312 1108 1431 1167 quia
1471 1107 1536 1153 sit.
1577 1101 1805 1153 ‘roboris'

109 1184 157 1228 et
198 1177 415 1241 ‘eboris',
458 1177 666 1242 ‘sulpur'
703 1186 870 1228 autem
910 1184 958 1228 et
993 1176 1204 1244 ‘guttur’
1237 1198 1271 1226 11
1308 1181 1531 1227 litteram
1570 1182 1623 1226 in
1663 1195 1808 1240 gene-

107 1257 212 1303 tivo
269 1260 485 1303 servent:
548 1256 757 1317 ideoque
816 1251 985 1302 eiecur'
1045 1257 1196 1302 etiam
1253 1259 1300 1302 et
1359 1250 1554 1301 ‘femur’
1614 1259 1808 1302 contro-

106 1332 321 1378 versiam
358 1331 595 1377 fecerunt.
661 1330 792 1391 quod
831 1346 930 1377 non
968 1330 1131 1377 minus
1173 1332 1246 1376 031-
1285 1329 1614 1388 110011110311111,
1656 1345 1807 1390 quam
1835 1335 1898 1378 23

109 1405 151 1452 si
192 1401 420 1467 ‘sulpuri'
464 1408 511 1452 et
554 1401 784 1468 ‘gutturi’
828 1404 1105 1452 subicerent
1152 1406 1205 1451 in
1246 1406 1476 1466 genetivo
1516 1404 1740 1450 lit-teram
1781 1419 1807 1449 0

107 1480 339 1539 mediam,
388 1482 505 1541 quia.
554 1484 679 1527 esset
730 1475 927 1527 ‘eboris'
980 1482 1028 1525 et
1077 1474 1329 1526 ‘roboris':
1393 1480 1519 1526 sicut
1559 1478 1808 1525 Antonius

111 1552 323 1616 Gnipho,
370 1555 458 1615 qui
499 1551 683 1601 ‘robur’
727 1554 929 1616 quidem
977 1557 1025 1600 et
1075 1549 1231 1600 ‘ebur'
1276 1556 1425 1614 atque
1467 1554 1619 1599 etiam
1661 1549 1808 1598 ‘mar-

109 1625 237 1675 mur'
278 1629 466 1676 fatetur
514 1644 631 1690 esse,
683 1645 855 1676 verum
901 1628 1008 1674 fieri
1053 1628 1161 1675 vult
1204 1644 1260 1674 ex
1299 1628 1375 1675 his
1418 1624 1589 1674 (0131113-
1627 1626 1810 1674 robura

107 1699 392 1750 marmura'.
450 1703 628 1764 quodsi
667 1703 1118 1750 animadverterent
1156 1703 1442 1749 litterarum
1483 1701 1807 1760 adfinitatem,
1837 1705 1901 1750 24

109 1779 292 1824 scirent
338 1780 408 1824 sic
456 1778 516 1824 ab
566 1794 637 1838 eo,
693 1778 825 1839 quod
872 1780 945 1825 est
993 1772 1197 1840 ‘robur’7
1255 1772 1483 1824 ‘roboris'
1532 1776 1652 1836 fieri,
1710 1791 1808 1837 quo

108 1852 253 1900 modo
295 1852 356 1899 ab
398 1868 470 1911 00,
510 1853 642 1914 quod
682 1857 757 1900 est
799 1849 958 1900 ‘miles
1000 1851 1156 1910 limes,
1205 1851 1381 1898 militis
1420 1851 1614 1910 limitiS,
1661 1850 1809 1897 iudex

109 1926 301 1992 vindex,
348 1926 526 1975 iudicis
573 1924 800 1975 vindicis’
852 1930 899 1974 et
948 1942 1076 1987 quae
1125 1941 1273 1986 supra
1312 1928 1414 1973 iam
1455 1926 1616 1989 attigi.
1688 1925 1808 1986 quid
1836 1931 1898 1975 25

111 2017 224 2048 vero
266 2001 412 2062 quod,
451 2004 511 2049 ut
550 2001 788 2062 dicebam,
836 2001 1022 2049 similes
1061 2000 1332 2062 positiones
1371 2002 1425 2047 in
1464 2001 1610 2063 longe
1652 1999 1810 2046 diver-

111 2091 188 2122 sas
237 2075 422 2138 figuras
472 2092 561 2137 per
612 2076 838 2138 obliquos
891 2091 1031 2123 casus
1084 2073 1295 2122 exeunt?
1366 2078 1421 2121 ut
1471 2071 1630 2137 ‘virgo
1670 2074 1810 2134 Iuno,

110 2150 247 2197 fusus
286 2150 439 2210 lusus,
480 2153 643 2212 cuspis
682 2147 884 2213 puppis'
929 2158 975 2197 et
1015 2150 1152 2196 mille
1195 2150 1316 2197 alia:
1357 2166 1468 2198 cum
1499 2149 1621 2195 illud
1659 2149 1811 2195 etiam

112 2224 323 2285 accidat,
381 2227 435 2272 ut
492 2226 736 2286 quaedam
787 2225 1053 2287 pluraliter
1105 2241 1203 2271 non
1258 2223 1510 2283 dicantur,
1567 2223 1811 2284 quaedam

111 2301 282 2346 contra
322 2300 566 2362 singulari
604 2317 824 2361 numero,
874 2299 1118 2361 quaedam
1165 2298 1358 2346 casibus
1399 2301 1616 2357 careant,
1665 2313 1811 2358 quae-

112 2373 227 2420 dam
268 2389 296 2420 a
334 2374 508 2434 primis
549 2376 722 2422 statim
759 2374 1091 2436 positionibus
1129 2376 1546 2433 totarmutentur,
1586 2376 1643 2418 ut
1677 2369 1811 2432 ‘Iup-

110 2443 274 2509 piter'.
316 2448 444 2509 quod
478 2449 641 2496 verbis
676 2449 827 2496 etiam
860 2448 1053 2508 accidit,
1093 2452 1150 2495 ut
1181 2448 1260 2494 illi
1294 2443 1450 2507 ‘fero',
1493 2447 1632 2494 cuius
1665 2462 1805 2508 prae·
1836 2452 1900 2496 26

111 2522 313 2569 teritum
345 2523 618 2584 perfectum
655 2527 703 2571 et
734 2524 943 2571 ulterius
975 2540 1075 2570 non
1107 2523 1372 2569 invenitur.
1421 2537 1509 2569 nec
1539 2521 1812 2582 plurimum

110 2597 276 2656 refert,
316 2597 455 2644 nulla
494 2598 615 2645 haec
656 2615 719 2645 an
759 2597 1004 2659 praedura
1045 2599 1158 2644 sint.
1199 2613 1316 2643 nam
1356 2596 1477 2657 quid
1509 2591 1807 2659 ‘progenies'

112 2671 340 2733 genetivo
388 2673 645 2735 singulari,
695 2672 814 2734 quid
861 2672 1047 2733 plurali
1088 2667 1235 2732 espes'
1276 2669 1460 2718 faciet?
1526 2686 1622 2731 quo
1662 2669 1809 2716 modo

112 2903 134 2945 t
166 2902 203 2944 fi
234 2849 256 2885 1
297 2846 425 2887 recta
458 2852 558 2887 AP:
601 2846 726 2886 certa
759 2852 805 2886 B
932 2848 985 2886 31
1026 2843 1098 2886 illi
1137 2843 1236 2886 fero
1268 2851 1326 2885 A:
1371 2841 1461 2885 tuli
1492 2841 1590 2884 fero
1622 2849 1669 2883 Β
1711 2841 1810 2884 fero

136 2916 165 2944 u
235 2909 327 2945 NP
