2055 3130
241 68 347 120 276
762 67 1136 120 QVINTILIANI
1166 66 1314 110 INST.
1349 66 1440 110 ΟΒ..

153 207 215 251 15
243 207 482 268 quaedam
522 209 686 254 autem
726 222 783 253 ex
821 206 896 266 iis,
937 222 1060 267 quae
1100 207 1239 268 gesta
1277 209 1404 263 sunt,
1443 207 1549 252 tota
1587 205 1911 262 narrabimus,

240 284 296 328 ut
328 280 496 328 Cicero
534 295 622 340 pro
655 279 858 325 Milone:
900 275 1209 340 ‘pudicitiam
1248 294 1357 326 cum
1397 280 1606 339 eriperet
1643 279 1792 324 militi
1823 279 1912 326 tri-

239 353 397 401 bunus
436 353 666 399 militaris
707 352 757 398 in
798 354 1010 399 exercitu
1052 351 1100 398 O.
1141 352 1279 412 Mari,
1319 352 1624 413 propinquus
1672 353 1774 398 eius
1821 353 1912 398 im-

239 428 495 488 peratoris,
535 426 819 473 interfectus
860 425 921 471 ab
962 441 1016 472 eo
1058 426 1144 484 est,
1183 426 1261 471 cui
1301 426 1402 471 vim
1442 425 1712 484 adferebat3
1753 425 1910 472 facere

241 500 370 546 enim
408 498 589 560 probus
631 498 910 545 adulescens
950 498 1224 558 periculose
1265 514 1413 559 quam
1458 499 1648 558 perpeti
1696 499 1910 559 turpiter

240 573 437 620 maluit:
479 575 623 633 atque
663 572 791 618 hunc
829 572 912 618 ille
952 586 1166 618 summus
1206 573 1283 618 vir
1322 571 1498 618 scelere
1537 571 1754 618 solutum
1785 571 1910 631 peri-

154 648 216 692 16
242 647 349 693 01110
390 640 652 692 liberavit'.
694 644 935 705 quaedam
974 644 1248 706 significare
1288 645 1407 691 satis
1448 645 1554 703 erit,
1594 646 1651 690 ut
1688 644 1817 690 idem
1858 659 1912 691 ac

241 735 329 780 pro
371 718 559 766 eodem:
612 714 785 779 ‘neque
827 720 955 764 enim
994 720 1158 778 posset
1196 718 1358 764 Ahala
1396 718 1480 764 ille
1533 717 1767 764 Servilius
1825 721 1913 764 aut

241 793 292 838 P.
332 792 514 839 Nasica
561 795 649 838 aut
694 791 748 838 L.
791 791 1013 852 Opimius
1061 794 1146 837 aut
1185 807 1261 838 me
1317 791 1514 838 consule
1565 793 1761 838 senatus
1815 806 1913 837 non

240 866 456 913 nefarius
495 864 678 925 haberi,
718 867 760 911 si
797 865 1059 913 sceleratos
1090 863 1298 911 interfici
1322 866 1458 912 nefas
1492 860 1649 911 esset’.
1690 864 1809 911 haec
1840 865 1912 910 ita

242 939 479 998 dicentur,
529 942 675 999 prout
713 942 831 985 nota
878 941 1020 984 erunt
1058 939 1135 985 vel
1174 939 1366 985 utilitas
1415 953 1588 984 causae
1638 940 1723 984 aut
1770 938 1913 984 decor

241 1012 523 1073 postulabit.

154 1089 213 1132 17
354 1085 539 1132 Eadem
578 1086 706 1131 ratio
749 1086 822 1130 est
861 1100 1049 1143 eorum,
1098 1100 1221 1144 quae
1262 1100 1317 1131 ex
1356 1085 1559 1144 poeticis
1599 1084 1778 1131 fabulis
1826 1084 1912 1130 du-

242 1162 433 1218 cuntur,
472 1160 568 1205 nisi
608 1158 738 1218 quod
776 1159 837 1205 iis
874 1159 1035 1206 minus
1069 1157 1422 1204 adfirmationis
1457 1157 1734 1204 adhibetur:
1776 1159 1912 1204 cuius

242 1248 357 1280 usus
398 1232 557 1293 qualis
598 1247 699 1279 esse
740 1231 948 1289 deberet,
988 1231 1118 1278 idem
1143 1233 1357 1292 optimus
1391 1233 1564 1278 auctor
1596 1246 1651 1277 ac
1676 1232 1913 1293 magister

157 1309 217 1352 18
244 1307 552 1366 eloquentiae
592 1305 817 1352 ostendit.
857 1320 973 1351 nam
1011 1305 1157 1351 huius
1197 1320 1391 1365 quoque
1432 1305 1621 1366 generis
1662 1304 1831 1351 eadem
1862 1304 1912 1350 in

242 1381 462 1426 oratione
509 1379 781 1439 reperietur
828 1378 1124 1438 exemplum:
1174 1374 1358 1438 ‘itaque
1409 1378 1513 1437 hoc,
1563 1378 1761 1438 iudices,
1816 1394 1914 1425 non

243 1454 346 1500 31110
372 1468 519 1500 031133
552 1454 700 1499 etiam
732 1451 858 1497 fictis
892 1452 1072 1498 fabulis
1106 1451 1376 1498 doctissimi
1407 1451 1624 1498 homines
1649 1453 1912 1498 memoriae

241 1526 578 1587 prodiderunt,
619 1542 742 1584 eum,
783 1525 867 1585 qui
905 1525 1061 1585 patris
1099 1525 1366 1572 ulciscendi
1406 1540 1552 1571 causa
1591 1528 1799 1571 matrem
1832 1539 1912 1571 ne-

243 1602 466 1659 cavisset,
516 1601 721 1646 variatis
761 1598 1012 1645 hominum
1060 1599 1314 1646 sententiis
1366 1614 1462 1645 non
1518 1599 1675 1645 solum
1731 1599 1913 1660 divina,

155 1675 217 1719 19
243 1673 326 1721 sed
365 1673 752 1734 sapientissimae
793 1672 909 1719 deae
950 1674 1191 1719 sententia
1229 1668 1525 1719 liberatum’.
1566 1672 1680 1718 illae
1721 1687 1913 1732 quoque

242 1747 466 1807 fabellae,
523 1762 660 1807 quae,
713 1747 860 1793 etiam
908 1747 950 1792 31
989 1747 1209 1808 orginem
1248 1761 1345 1792 non
1385 1745 1445 1791 ab
1486 1746 1678 1806 Aesopo
1721 1761 1907 1805 accepe-

241 1823 357 1867 runt
398 1815 535 1886 (nam
584 1819 777 1866 videtur
824 1835 990 1866 earum
1045 1820 1230 1880 primus
1287 1821 1457 1866 auctor
1495 1813 1776 1882 Hesiodus),
1828 1834 1912 1865 no-

242 1895 372 1941 mine
421 1897 587 1941 tamen
627 1893 807 1953 Aesopi
854 1893 1063 1939 maxime
1120 1893 1440 1950 celebrantur,
1496 1892 1668 1940 ducere
1725 1893 1912 1939 animos

244 1969 402 2015 solent
438 1968 699 2028 praecipue
739 1967 1032 2013 rusticorum
1073 1969 1121 2012 et
1160 1966 1514 2027 imperitorum,
1571 1967 1653 2026 qui
1702 1968 1750 2012 et
1800 1966 1910 2012 sim-

242 2041 419 2102 plicius
460 2057 584 2102 quae
623 2040 737 2087 ficta
777 2041 891 2087 sunt
923 2040 1151 2099 audiunt,
1203 2043 1249 2086 et
1289 2041 1422 2100 capti
1468 2041 1722 2100 voluptate
1770 2040 1912 2086 facile

242 2116 319 2175 iis,
359 2115 536 2176 quibus
577 2114 894 2172 delectantur,
946 2115 1277 2161 consentiunt:
1334 2115 1375 2159 si
1422 2113 1617 2174 quidem
1665 2115 1714 2160 et
1752 2113 1912 2160 Mene-

243 2189 353 2235 nius
392 2188 616 2249 Agrippa
655 2187 845 2247 plebem
899 2203 1007 2233 cum
1057 2187 1280 2248 patribus
1336 2187 1385 2232 in
1436 2188 1649 2249 gratiam
1699 2186 1914 2233 traditur

243 2262 491 2309 reduxisse
533 2263 648 2308 nota
687 2261 775 2307 illa
816 2261 872 2306 de
912 2260 1140 2308 membris
1173 2260 1397 2307 humanis
1432 2261 1661 2308 adversus
1694 2263 1912 2307 ventrem

1937 881 1979 912 10

1938 1247 1979 1278 15

1938 1615 2043 1646 20·

1938 1962 2041 2012 25³

157 2337 219 2380 20
244 2335 632 2383 discordantibus
671 2334 853 2380 fabula.
902 2336 951 2381 et
990 2334 1224 2381 Horatius
1265 2350 1323 2380 ne
1363 2335 1414 2379 in
1453 2336 1675 2394 poemate
1717 2334 1912 2394 quidem
1936 2349 1979 2381 30

243 2410 481 2455 humilem
520 2408 709 2471 generis
748 2408 892 2455 huius
931 2423 1076 2455 usum
1115 2409 1312 2468 putavit
1349 2409 1400 2453 in
1440 2407 1538 2454 illis
1578 2407 1823 2454 versibus:

510 2478 660 2542 ‘quod
701 2481 824 2527 dixit
862 2481 1032 2542 vulpes
1073 2483 1272 2543 aegroto
1314 2484 1459 2528 cauta
1484 2476 1648 2527 leoni'.

362 2679 1911 2734 2c4‚9—Sib.3,8—17ib.3‚8—30Epist.1,1‚73

365 2861 416 2899 16
450 2857 498 2899 111
530 2857 691 2900 eadem
722 2865 759 2898 A
880 2861 934 2898 26
968 2855 1092 2899 facta
1124 2864 1168 2898 B
