2055 3130
69 883 111 911 10

68 1250 110 1281 15

69 1622 112 1652 20

69 1991 112 2023 25

70 2362 113 2393 30

789 56 866 99 111.
901 61 941 111 ε,
975 60 1165 100 48—58.
1722 57 1825 108 173

137 198 350 258 ducitur,
393 213 517 259 quae
558 213 614 244 ex
652 197 874 244 historiis
915 197 1215 256 compositae
1256 197 1402 243 certis
1443 198 1696 258 agentium
1736 212 1822 244 no-

137 272 353 319 minibus
385 273 710 318 continentur.
750 286 907 331 neque
939 271 1114 332 ignoro
1139 270 1431 331 plerumque
1457 271 1824 317 exercitationis

138 347 302 408 gratia
348 347 467 406 poni
514 348 563 391 et
616 346 834 404 poeticas
891 346 940 390 et
993 343 1268 402 historicas,
1323 346 1381 390 ut
1434 343 1620 390 Priami
1673 343 1825 391 verba

139 419 274 480 apud
311 419 539 465 Achillen
579 421 666 464 aut
708 417 874 464 Sullae
916 417 1214 464 dictaturam
1267 417 1558 478 deponentis
1609 419 1662 464 in
1711 433 1824 465 con-

137 495 284 541 tione.
326 492 409 539 sed
446 492 567 538 haec
604 493 657 538 in
688 493 882 553 partem
922 490 1095 539 cedent
1133 493 1286 538 trium
1325 507 1573 553 generum,
1605 493 1658 537 in
1699 508 1823 553 quae

138 582 309 614 causas
335 565 605 612 divisimus.
644 582 761 612 nam
787 568 835 611 et
858 581 1048 627 rogare,
1072 565 1306 625 indicare,
1330 566 1575 613 rationem
1605 565 1824 625 reddere,

138 644 187 687 et
226 640 341 699 alia,
382 639 440 686 de
480 639 658 700 quibus
698 655 848 701 supra
887 639 1074 686 dictum
1122 642 1216 699 est,
1264 641 1400 686 varie
1449 642 1596 700 atque
1644 642 1700 686 ut
1746 655 1823 687 res

135 715 257 761 tulit
294 715 346 760 in
379 714 589 760 materia
621 713 860 773 iudiciali,
900 713 1241 773 deliberativa,
1281 713 1673 761 demonstrativa
1699 714 1822 760 sole-

135 803 259 848 mus,
299 787 694 849 frequentissime
735 803 849 834 vero
889 788 941 833 in
980 788 1058 834 his
1105 788 1294 834 utimur
1332 787 1449 834 ficta
1487 803 1823 849 personarum,

138 877 258 922 quas
297 863 396 922 ipsi
435 861 796 920 substituimus,
837 862 1073 908 oratione.
1125 864 1182 907 ut
1221 861 1354 921 apud
1403 861 1687 909 Ciceronem
1732 878 1822 922 pro

138 935 304 983 Caelio
346 934 570 982 Clodiam
611 939 659 982 et
692 951 862 982 caecus
902 935 1094 996 Appius
1137 938 1184 982 et
1214 934 1414 983 Clodius
1455 937 1623 995 frater,
1663 936 1748 983 ille
1773 936 1823 982 in

137 1010 528 1072 castigationem,
578 1010 658 1057 hic
707 1011 760 1055 in
811 1010 1205 1056 exhortationem
1255 1025 1449 1057 morum
1507 1010 1824 1070 compositus,

136 1084 434 1145 adloquitur.

249 1158 419 1205 Solent
456 1159 509 1204 in
549 1158 726 1205 scholis
766 1157 887 1221 fingi
919 1159 1156 1205 materiae
1190 1158 1253 1204 ad
1285 1157 1658 1205 deliberandum
1691 1159 1823 1206 simi-

135 1231 283 1279 liores
333 1231 679 1280 controversiis
728 1235 777 1279 et
824 1249 881 1279 ex
930 1235 1141 1293 utroque
1189 1248 1363 1295 genere
1412 1234 1722 1293 commixtae,
1769 1235 1826 1279 ut

137 1321 249 1353 cum
289 1306 420 1368 apud
446 1305 495 1353 C.
531 1305 789 1353 Caesarem
831 1307 1128 1354 consultatio
1170 1306 1228 1353 de
1267 1322 1427 1367 poena
1459 1306 1702 1354 Theodoti
1739 1323 1824 1367 po-

135 1382 294 1441 nitur3
334 1384 527 1428 constat
567 1382 699 1427 enim
738 1382 1051 1427 accusatione
1092 1383 1140 1426 et
1180 1381 1460 1428 defensione
1510 1397 1659 1428 causa
1707 1382 1825 1440 eius,

136 1454 269 1516 quod
319 1456 394 1501 est
439 1455 752 1501 iudicialium
802 1456 1075 1516 proprium,
1126 1455 1372 1515 permixta
1423 1461 1591 1502 tamen
1647 1457 1721 1502 est
1777 1459 1826 1502 et

135 1529 372 1576 utilitatis
412 1531 561 1576 ratio:
614 1545 678 1575 an
716 1545 805 1590 pro
850 1528 1056 1576 Caesare
1095 1530 1245 1576 fuerit
1294 1529 1450 1576 occidi
1498 1527 1824 1591 Pompeium‘.>

137 1618 200 1649 an
239 1602 514 1649 timendum
554 1618 583 1648 a
621 1619 736 1665 rege
775 1603 974 1662 bellum,
1016 1605 1057 1651 si
1081 1603 1363 1651 Theodotus
1397 1605 1463 1650 sit
1496 1602 1721 1651 occisus?
1763 1620 1825 1650 an

136 1677 188 1723 id
219 1678 420 1723 minime
454 1680 791 1738 opportunum
822 1678 913 1725 hoc
944 1683 1165 1738 tempore
1191 1680 1240 1723 et
1263 1679 1595 1739 periculosum
1623 1681 1671 1724 et
1696 1682 1825 1725 certe

135 1751 343 1814 longum
383 1752 447 1797 sit
486 1750 746 1798 futurum?
811 1753 1065 1812 quaeritur
1105 1754 1155 1799 et
1201 1752 1258 1798 de
1305 1753 1534 1800 honesto:
1590 1752 1824 1800 deceatne

140 1825 395 1873 Caesarem
453 1826 578 1872 ultio
632 1824 871 1886 Pompei‘.>
935 1842 998 1872 an
1052 1828 1118 1873 sit
1163 1826 1454 1886 verendum,
1501 1842 1561 1872 ne
1610 1828 1826 1888 peiorem

138 1900 291 1946 faciat
338 1915 537 1946 suarum
583 1902 804 1961 partium
857 1915 1070 1960 causam,
1123 1901 1164 1947 si
1217 1900 1512 1962 Pompeium
1565 1900 1826 1963 indignum

135 1976 293 2020 morte
333 1972 585 2020 fateatur?
627 1974 757 2035 quod
798 1990 950 2037 genus
992 1975 1212 2021 accidere
1246 1975 1396 2022 etiam
1420 1976 1624 2022 veritati
1648 1979 1824 2036 potest.
1855 1987 1860 1991 '

247 2048 361 2095 Non
401 2048 609 2108 simplex
649 2051 815 2095 autem
856 2051 983 2095 circa
1024 2050 1270 2096 suasorias
1312 2065 1448 2097 error
1486 2051 1539 2095 in
1578 2049 1825 2110 plerisque

137 2122 550 2170 declamatoribus
598 2123 709 2182 fuit,
766 2124 854 2184 qui
900 2123 1093 2169 dicendi
1148 2139 1302 2185 genus
1352 2125 1405 2170 in
1452 2123 1528 2171 his
1579 2124 1827 2171 diversum

139 2199 287 2257 atque
318 2197 371 2242 in
402 2198 565 2244 totum
589 2197 666 2243 illi
697 2197 922 2244 iudiciali
945 2199 1251 2244 contrarium
1275 2213 1377 2244 esse
1403 2198 1825 2245 existimaverunt.

137 2287 254 2317 nam
293 2272 342 2317 et
379 2271 625 2331 principia
666 2271 876 2332 abrupta
918 2274 965 2319 et
1005 2273 1302 2318 concitatam
1337 2288 1528 2332 semper
1553 2272 1828 2319 orationem

138 2347 188 2391 et
225 2346 279 2390 in
316 2344 479 2391 verbis
520 2345 818 2404 effusiorem,
873 2349 929 2392 ut
978 2347 1077 2407 ipsi
1122 2348 1316 2404 vocant,
1369 2347 1557 2394 cultum
1611 2346 1827 2393 adfecta-

137 2421 336 2477 verunt,
403 2422 451 2465 et
506 2435 674 2466 earum
724 2419 972 2467 breviores
1027 2421 1199 2480 utique
1252 2421 1628 2469 commentarios
1677 2436 1828 2482 quam

261 2565 314 2603 10
348 2574 371 2602 c
405 2566 459 2603 14
493 2575 579 2616 sqq

260 2698 284 2735 3
315 2693 457 2737 verba
487 2693 704 2737 facientis
732 2694 858 2749 apud
883 2694 1027 2738 Halm
1151 2700 1203 2736 12
1236 2695 1286 2737 in
1312 2694 1683 2738 exhortationem
1707 2694 1825 2736 vicio

139 2761 176 2794 A
222 2753 273 2795 in
319 2753 578 2796 orationem
622 2767 803 2796 morum
849 2761 894 2796 Β
922 2755 973 2796 in
1012 2754 1292 2797 ortationem
1327 2769 1508 2797 morum
1553 2762 1597 2796 P
1636 2753 1685 2795 in
1723 2753 1823 2796 exh.

139 2811 359 2854 vitiorum
389 2814 558 2868 Zumpt
709 2818 764 2855 14
796 2812 947 2856 solent
978 2813 1046 2871 in]
1081 2813 1316 2857 sollemnis
1348 2821 1394 2856 B
1521 2818 1574 2856 15
1609 2815 1655 2856 et
1688 2827 1757 2856 om
1788 2821 1826 2854 Α

261 2875 313 2913 17
348 2884 489 2915 causa
522 2872 640 2929 eius]
675 2885 842 2915 causae
874 2880 964 2914 BP
1082 2876 1135 2914 18
1169 2875 1328 2916 tamen
1358 2881 1416 2915 A:
1453 2874 1611 2915 autem
1641 2879 1730 2914 ΒΡ

1850 270 1914 312 53
