2055 3130
786 79 840 122 V.
877 84 944 133 11,
978 83 1135 122 5—14.
1694 81 1802 132 275

119 217 336 279 Pyrrhus
379 221 451 265 est
489 218 793 278 interfectus,
845 221 892 265 et
932 217 994 265 ad
1033 217 1339 265 moriendum
1385 233 1482 264 non
1527 222 1633 265 tam
1681 217 1802 266 Cato

120 295 169 338 et
210 291 373 351 Scipio
415 307 564 352 quam
594 291 845 339 Lucretia:
887 291 1018 352 quod
1049 293 1212 351 ipsum
1245 294 1317 338 est
1350 307 1407 338 ex
1437 291 1706 340 maioribus
1740 293 1802 338 ad

118 366 323 412 minora.
365 365 563 428 singula
601 366 757 428 igitur
794 365 969 413 horum
1011 380 1244 427 generum
1284 381 1343 411 ex
1383 363 1614 412 Cicerone
1663 360 1802 429 (nam
1830 367 1890 411 11

118 438 247 485 unde
288 433 511 504 potius‘.»
567 439 790 500 exempla
827 454 1082 499 ponamus.
1125 439 1282 485 simile
1325 442 1399 485 est
1437 439 1530 486 hoc
1567 455 1657 500 pro
1696 439 1802 485 Mu-

75 528 93 559 5
118 528 257 559 rena:
301 509 503 559 ‘etenim
542 514 664 559 mihi
701 514 799 573 ipsi
838 513 1019 560 accidit
1057 515 1114 559 ut
1165 528 1275 559 cum
1326 512 1513 560 duobus
1565 515 1802 574 patriciis,

119 586 274 633 altero
307 587 653 648 improbissimo
686 583 871 649 <atque
905 582 1283 648 audacissimo),
1325 586 1478 633 altero
1502 587 1802 634 modestissi-

117 676 198 706 mo
241 663 388 721 atque
431 661 617 721 optimo
650 662 774 719 viro,
813 663 1057 721 peterem:
1099 662 1329 721 superavi
1360 664 1527 707 tamen
1560 661 1802 724 dignitate

121 733 400 795 Catilinam,
435 736 596 797 gratia
629 730 873 781 Galbam'.
914 736 1073 781 maius
1105 734 1308 781 minoris
1342 751 1430 795 pro
1462 733 1666 782 Milone:
1703 731 1802 782 ‘ne-
1830 735 1890 778 12

118 810 239 871 gant
277 809 458 855 intueri
497 809 657 855 lucem
697 824 799 856 esse
839 808 914 855 fas
947 810 1004 866 ei,
1047 809 1132 868 qui
1166 824 1195 855 a
1227 824 1275 856 se
1307 809 1557 855 hominem
1589 810 1802 856 occisum

51 899 93 929 1ο
118 897 220 929 esse
259 882 488 929 fateatur.
530 884 583 928 in
623 898 720 942 qua
759 882 961 929 tandem
993 882 1111 928 urbe
1142 882 1235 929 hoc
1267 882 1488 929 homines
1521 883 1804 930 stultissimi

118 954 411 1016 disputant?
450 972 624 1017 nempe
664 958 715 1002 in
755 972 825 1015 ea,
866 971 990 1017 quae
1029 958 1245 1017 primum
1278 955 1516 1003 iudicium
1549 956 1607 1003 de
1640 959 1802 1017 capite

116 1029 243 1075 vidit
282 1030 345 1076 M.
386 1029 565 1076 Horati
605 1030 864 1078 fortissimi
895 1031 1005 1089 viri,
1047 1030 1133 1091 qui
1163 1030 1380 1076 nondum
1411 1030 1568 1077 libera
1601 1032 1802 1078 civitate

115 1106 282 1149 tamen
321 1104 494 1165 populi
526 1103 738 1151 Romani
770 1104 982 1151 comitiis
1013 1104 1251 1151 liberatus
1278 1107 1365 1162 est,
1406 1120 1514 1151 cum
1540 1120 1629 1152 sua
1652 1121 1803 1151 manu

117 1192 329 1224 sororem
366 1193 468 1225 esse
500 1178 814 1225 interfectam
845 1174 1117 1225 fat-eretur'.
1159 1180 1322 1225 minus
1346 1178 1569 1225 maioris:
1611 1173 1802 1237 ‘occidi,

54 1268 95 1299 15
122 1251 291 1312 occidi,
332 1267 431 1299 non
473 1251 706 1313 Spurium
745 1252 994 1311 Maelium,
1037 1254 1124 1312 qui
1165 1268 1360 1299 annona
1398 1253 1609 1300 levanda
1648 1254 1803 1299 iactu-

120 1327 284 1386 risque
316 1326 387 1372 rei
419 1326 696 1385 familiaris,
739 1328 854 1387 quia
879 1327 1026 1373 nimis
1054 1327 1285 1387 amplecti
1310 1326 1503 1388 plebem
1527 1326 1802 1386 videbatur,

116 1401 169 1445 in
210 1401 539 1461 suspicionem
578 1400 755 1447 incidit
793 1402 936 1463 regni
975 1397 1255 1447 affectandi'
1299 1403 1346 1447 et
1387 1403 1562 1460 cetera,
1604 1400 1802 1447 deinde:

117 1468 221 1520 ‘sed
263 1490 373 1521 eum
415 1468 639 1538 (auderet
665 1476 796 1521 enim
830 1475 1002 1533 dicere,
1043 1490 1154 1522 cum
1191 1476 1408 1535 patriam
1438 1475 1656 1536 periculo
1681 1475 1801 1521 libe-

0 1599 1 1602 ,
113 1541 311 1613 rasset),
368 1549 506 1595 cuius
562 1548 830 1595 nefandum
885 1548 1184 1595 adulterium
1229 1551 1282 1595 iu
1321 1545 1698 1610 pulvinaribus',
1754 1552 1801 1596 et

0 1619 1 1624 ’
48 1639 91 1670 20
115 1623 249 1669 totus
289 1623 340 1668 in
382 1620 609 1669 Clodium
647 1623 796 1670 locus.

226 1695 479 1743 Dissimile
519 1697 675 1757 pluris
713 1712 943 1744 excursus
974 1697 1135 1743 habet.
1177 1696 1234 1743 fit
1266 1697 1396 1743 enim
1429 1713 1617 1760 genere,
1640 1696 1800 1757 modo,
1828 1696 1889 1741 13

114 1771 349 1830 tempore,
390 1771 512 1830 loco,
554 1771 742 1830 ceteris,
790 1787 877 1831 per
919 1787 1042 1831 quae
1082 1772 1182 1818 fere
1231 1772 1397 1817 omnia
1445 1769 1613 1818 Cicero
1661 1787 1800 1833 prae-

112 1843 313 1903 iudicia,
354 1860 478 1905 quae
520 1844 577 1891 de
605 1843 831 1892 Cluentio
872 1845 1167 1892 videbantur
1206 1846 1354 1904 facta,
1386 1845 1649 1893 subvertit:
1690 1861 1801 1892 con-

114 1920 269 1965 trario
311 1934 425 1965 vero
467 1919 686 1979 exemplo
728 1920 1001 1966 censoriam
1039 1922 1224 1978 notam,
1264 1919 1512 1966 laudando
1554 1935 1800 1966 censorem

48 2009 89 2040 25
115 1992 422 2052 Africanum,
465 1993 549 2053 qui
588 2009 713 2052 eum,
753 2009 899 2054 quem
938 1993 1181 2054 peierasse
1223 1994 1468 2054 conceptis
1512 1993 1673 2041 verbis
1714 2009 1800 2054 pa-

113 2066 214 2112 lam
255 2066 471 2126 dixisset,
518 2067 857 2114 testimonium
898 2069 1047 2114 etiam
1087 2068 1355 2128 pollicitus,
1395 2069 1437 2115 si
1476 2069 1587 2128 quis
1629 2069 1800 2115 contra

116 2140 313 2200 diceret,
374 2141 512 2187 nullo
568 2144 827 2188 accusante
876 2141 1132 2188 traducere
1188 2158 1369 2202 equum
1422 2157 1596 2202 passus
1651 2144 1799 2189 esset:

116 2230 254 2275 quae,
296 2216 412 2276 quia
453 2218 593 2262 erant
631 2216 872 2279 longiora,
912 2231 1009 2263 non
1050 2217 1149 2263 suis
1189 2215 1350 2263 verbis
1396 2216 1610 2276 exposui.
1651 2216 1797 2263 breve
1826 2214 1888 2259 14

115 2290 280 2335 autem
321 2289 452 2350 apud
492 2289 769 2352 Vergilium
810 2290 1045 2337 contrarii
1087 2290 1365 2350 exemplum
1407 2292 1499 2338 est:

45 2379 89 2411 30
265 2359 337 2410 ‘at
375 2379 474 2410 non
513 2364 612 2426 1110,
653 2366 813 2411 satum
856 2380 951 2425 quo
990 2366 1040 2411 te
1080 2364 1319 2423 mentiris,
1358 2364 1576 2411 Achilles

260 2438 376 2484 talis
416 2439 469 2483 in
507 2437 647 2485 hoste
688 2439 785 2484 fuit
823 2434 1054 2486 Priamo.9

232 2582 564 2629 408,17-
607 2583 819 2631 803‚7
877 2605 931 2610 —
982 2579 1323 2632 14ib.27‚72
1374 2606 1429 2610 —
1478 2584 1799 2633 22032sqq

114 2641 168 2679 23
212 2651 234 2678 C
275 2641 344 2690 48,
381 2641 465 2679 134
497 2663 553 2669 -
587 2643 641 2680 29
674 2639 786 2681 Aen.
823 2643 862 2692 2,
897 2642 996 2692 539,
1030 2643 1114 2682 540

231 2775 254 2812 6
291 2771 430 2825 atque
464 2770 773 2814 audacissimo
807 2772 900 2814 add
931 2786 985 2814 ex
1019 2772 1106 2815 Cic.
1142 2773 1195 2816 ecl
1227 2773 1362 2815 Basil
1555 2777 1607 2814 11
1642 2771 1699 2813 de
1731 2779 1794 2814 P:

113 2828 220 2872 dein
252 2836 297 2871 B
327 2843 395 2871 om
427 2837 464 2870 Α
632 2836 684 2872 17
717 2831 849 2887 regni
882 2831 1136 2886 adpetendi
1168 2839 1257 2873 BP
1381 2836 1435 2873 21
1471 2831 1707 2888 excursus]
1742 2844 1797 2872 ex

112 2901 245 2931 casus
277 2896 314 2929 A
347 2902 401 2931 ex
435 2901 481 2932 se
515 2902 648 2931 casus
682 2897 786 2932 Pub
819 2903 952 2932 casus
984 2898 1030 2932 B
1058 2891 1109 2943 cf
1133 2890 1197 2932 IV
1223 2895 1260 2943 3,
1291 2896 1342 2932 12

1443 2963 1528 3005 18*
