2007 3120
206 107 271 158 18
706 104 1081 157 QVINTILIANI
1109 104 1259 147 INST.
1295 104 1386 148 ΟΒ.

116 246 178 290 26
203 246 287 294 sed
327 247 453 292 sicut
490 244 727 291 firmiores
765 244 819 289 in
856 244 1036 290 litteris
1075 243 1325 303 profectus
1365 243 1457 289 alit
1488 244 1769 303 aemulatio,
1808 245 1880 291 ita

202 318 549 380 incipientibus
602 318 749 378 atque
801 316 957 362 adhuc
1005 315 1187 363 teneris
1238 315 1682 376 condiscipulorum
1732 334 1879 378 quam

203 393 532 454 praeceptoris
572 390 831 437 iucundior
868 389 959 435 hoc
997 391 1120 450 ipso,
1161 389 1292 449 quod
1322 389 1514 436 facilior
1544 390 1759 437 imitatio
1792 393 1877 438 est.

202 465 283 512 vix
324 466 453 511 enim
500 479 549 510 se
597 465 756 524 prima
796 463 1036 509 elementa
1076 462 1138 508 ad
1177 477 1313 522 spem
1350 463 1523 510 tollere
1562 463 1880 526 effingendae,

204 554 352 600 quam
406 552 651 583 summam
703 539 902 597 putant,
965 536 1273 596 eloquentiae
1329 535 1595 583 audebunt:
1658 539 1879 598 proxima
1927 553 1946 584 5

205 612 563 671 amplectentur
607 611 781 671 magis,
827 611 883 655 ut
927 609 1052 656 vites
1100 608 1353 655 arboribus
1405 609 1667 670 adplicitae
1713 610 1878 656 inferi-

116 684 176 727 27
208 700 313 731 ores
355 685 490 745 prius
531 683 873 744 adprendendo
913 697 1074 728 ramos
1113 683 1164 728 in
1198 683 1452 728 cacumina
1483 683 1709 729 evadunt.
1751 683 1880 743 quod

204 758 325 803 adeo
374 773 542 803 verum
590 759 676 815 est,
727 759 783 802 ut
821 756 975 816 ipsius
1016 755 1166 802 etiam
1204 756 1444 817 magistri,
1494 756 1535 802 si
1573 758 1740 802 tamen
1780 772 1880 802 am-

202 831 395 877 bitiosis
446 830 592 876 utilia
642 829 901 890 praeferet,
951 829 1041 875 hoc
1093 844 1213 889 opus
1265 830 1343 887 sit,
1395 844 1505 876 cum
1544 829 1701 876 adhuc
1739 829 1882 876 rudia

202 903 442 951 tractabit
496 905 717 965 ingenia,
780 918 877 949 non
939 903 1108 948 statim
1164 917 1364 948 onerare
1418 902 1756 949 infirmitatem
1809 902 1881 948 di-
1907 918 1948 949 10

204 977 464 1035 scentium,
527 976 609 1022 sed
669 977 942 1036 temperare
1004 978 1131 1022 vires
1193 990 1304 1022 suas
1360 978 1408 1022 et
1462 976 1524 1022 ad
1576 976 1882 1023 intellectum

117 1051 178 1094 ‘28
205 1051 452 1097 audientis
492 1049 794 1097 descendere.
851 1065 966 1095 nam
1005 1051 1063 1095 ut
1100 1049 1301 1095 vascula
1341 1048 1437 1096 oris
1478 1051 1676 1111 angusti
1715 1065 1882 1111 super-

204 1125 364 1170 fusam
403 1123 586 1170 umoris
627 1124 819 1184 copiam
857 1125 1110 1182 respuunt,
1150 1123 1328 1169 sensim
1369 1125 1533 1168 autem
1564 1123 1882 1170 influentibus

204 1198 283 1244 vel
322 1198 472 1243 etiam
511 1197 766 1244 instillatis
807 1196 1112 1256 conplentur,
1152 1198 1219 1243 sic
1253 1197 1404 1243 animi
1434 1212 1696 1256 puerorum
1730 1212 1881 1257 quan—

204 1274 310 1317 tum
351 1272 569 1331 excipere
609 1271 801 1331 possint
830 1269 1096 1316 videndum
1129 1272 1222 1316 est:
1261 1285 1377 1316 nam
1407 1272 1596 1317 maiora
1626 1271 1882 1317 intellectu
1908 1284 1948 1315 15

205 1345 341 1391 velut
389 1359 565 1405 parum
617 1346 812 1403 apertos
864 1343 926 1389 ad
971 1343 1337 1404 percipiendum
1387 1345 1574 1390 animos
1613 1359 1710 1390 non
1752 1343 1880 1390 subi-

118 1418 178 1460 2⁴.»
203 1418 338 1464 bunt.
386 1417 507 1463 utile
546 1418 701 1478 igitur
737 1416 931 1476 habere,
973 1432 1093 1476 quos
1132 1416 1319 1463 imitari
1358 1417 1586 1477 primum,
1625 1432 1738 1463 mox
1776 1417 1881 1463 vin-

205 1507 311 1538 cere
343 1491 484 1537 velit:
524 1491 596 1537 ita
628 1491 871 1551 paulatim
904 1492 952 1536 et
983 1491 1288 1550 superiorum
1320 1505 1428 1550 spes
1461 1490 1567 1536 erit.
1615 1489 1690 1536 his
1724 1489 1882 1537 adicio

204 1566 545 1626 praeceptores
585 1565 716 1624 ipsos
756 1579 854 1610 non
894 1563 1023 1609 idem
1062 1565 1240 1610 mentis
1273 1578 1330 1609 ac
1362 1563 1562 1623 spiritus
1595 1564 1647 1609 in
1680 1562 1882 1610 dicendo

203 1653 346 1699 posse
397 1639 649 1697 concipere
702 1637 907 1699 singulis
959 1639 1155 1683 tantum
1204 1636 1565 1697 praesentibus,
1617 1636 1748 1697 quod
1793 1636 1882 1683 illa
1908 1652 1949 1682 20

118 1712 180 1755 30
206 1711 488 1759 celebritate
537 1710 844 1757 audientium
883 1710 1162 1758 instinctos:
1209 1710 1424 1756 maxima
1463 1711 1592 1756 enim
1630 1725 1745 1770 pars
1787 1711 1882 1756 elo-

206 1786 438 1846 quentiae
480 1787 671 1831 constat
711 1785 888 1830 animo.
939 1784 1068 1831 hunc
1108 1783 1263 1844 adfici,
1302 1784 1429 1830 hunc
1471 1785 1723 1843 concipere
1761 1783 1882 1829 ima-

206 1861 341 1921 gines
390 1874 553 1904 rerum
605 1865 652 1904 et
702 1858 1044 1904 transformari
1095 1857 1307 1917 quodam
1353 1857 1496 1904 modo
1545 1858 1607 1903 ad
1652 1859 1883 1904 naturam

207 1947 386 1990 eorum,
427 1931 485 1977 de
526 1931 701 1991 quibus
733 1932 970 1991 loquitur,
1009 1945 1202 1978 necesse
1235 1933 1320 1977 est.
1359 1931 1400 1976 is
1433 1946 1578 1990 porro
1611 1945 1708 1990 quo
1740 1945 1883 1992 gene-

205 2007 364 2052 rosior
404 2005 670 2064 celsiorque
713 2007 801 2063 est,
839 2005 931 2051 hoc
969 2004 1235 2051 maioribus
1275 2004 1410 2050 velut
1443 2005 1640 2065 organis
1674 2019 1882 2050 commo·
1908 2019 1948 2050 25

206 2081 362 2136 vetur,
409 2077 613 2138 ideoque
663 2080 711 2124 et
748 2078 893 2124 laude
934 2077 1106 2125 crescit
1146 2080 1193 2124 et
1230 2079 1419 2137 impetu
1459 2080 1667 2139 augetur
1706 2079 1755 2124 et
1794 2077 1882 2123 ali-

118 2152 176 2195 31
208 2152 327 2212 quid
358 2167 592 2214 magnum
626 2167 768 2214 agere
801 2151 996 2214 gaudet.
1039 2154 1112 2198 est
1143 2151 1383 2212 quaedam
1407 2152 1560 2197 tacita
1585 2149 1883 2212 dedignatio,

206 2227 309 2272 vim
360 2225 552 2272 dicendi
598 2227 752 2271 tantis
792 2227 1127 2285 comparatam
1165 2224 1413 2271 laboribus
1454 2224 1515 2270 ad
1553 2240 1703 2270 unum
1745 2223 1882 2270 audi-

206 2302 364 2345 torem
419 2299 696 2345 demittere:
751 2298 905 2359 pudet
959 2314 1108 2359 supra
1162 2298 1361 2344 modum
1416 2298 1650 2344 sermonis
1706 2297 1881 2343 attolli.

209 2376 255 2419 et
296 2388 409 2419 sane
451 2372 693 2432 concipiat
735 2374 843 2432 quis
882 2375 1044 2418 mente
1085 2372 1163 2419 vel
1200 2371 1517 2418 declamantis
1549 2371 1770 2417 habitum
1805 2370 1882 2417 vel
1907 2386 1949 2417 30

209 2445 394 2492 orantis
449 2461 615 2492 vocem
670 2447 913 2492 incessum
963 2445 1428 2506 pronuntiationem,
1480 2444 1623 2490 illum
1674 2443 1881 2503 denique

210 2520 363 2565 animi
413 2523 459 2565 et
511 2521 725 2578 corporis
775 2522 977 2577 motum,
1028 2518 1267 2576 sudorem,
1317 2521 1373 2564 ut
1420 2517 1518 2564 alia
1562 2519 1882 2578 praeteream,

210 2594 259 2638 et
303 2592 647 2654 fatigationem
688 2592 916 2639 audiente
954 2608 1073 2638 uno:
1121 2607 1280 2639 nonne
1320 2591 1554 2652 quiddam
1592 2590 1698 2652 pati
1729 2590 1883 2638 furori

210 2665 367 2712 simile
414 2664 673 2712 videatur‘.>
735 2681 833 2712 non
881 2668 1006 2712 esset
1052 2665 1104 2711 in
1142 2665 1285 2712 rebus
1322 2664 1548 2711 humanis
1589 2664 1881 2724 eloquentia,

210 2740 251 2786 si
288 2741 482 2785 tantum
523 2754 631 2785 cum
671 2740 879 2801 singulis
918 2740 1240 2799 loqueremur.
1906 2751 1948 2783 35

330 2853 354 2889 6
389 2849 730 2904 amplectuntur
755 2857 842 2891 BP
961 2853 1013 2891 18
1047 2849 1158 2891 velis
1184 2856 1236 2900 B,
1257 2849 1344 2891 Διΐ)
1466 2852 1520 2891 24
1551 2847 1756 2902 loquitur
1780 2854 1879 2888 AB:

211 2907 444 2961 loquimur
477 2915 520 2949 P
