2012 3151
183 77 289 129 348
675 79 1051 132 QVTNTILLAM
1080 80 1145 123 IN
1149 79 1230 123 ST.
1267 80 1358 125 ΟΒ.

183 214 343 278 ‘atqui
390 212 570 277 debes',
608 219 788 279 inquit,
829 213 958 266 ‘cum
999 218 1268 281 Sphingem
1307 220 1441 268 domi
1463 219 1680 281 babeas’3
1721 237 1854 270 acce-

180 294 323 352 perat
369 293 534 338 autem
579 291 664 338 ille
703 307 732 337 a
770 291 923 338 Verre
964 291 1233 353 Sphingem
1274 309 1476 341 aeneam
1516 311 1730 358 magnae
1772 312 1856 357 pe-

180 366 365 411 cuniae.

91 438 155 482 99
293 436 604 483 Subabsurda
621 437 710 483 illa
734 440 962 486 constant
979 439 1123 486 stulti
1140 440 1478 487 simulatione:
1505 456 1632 501 quae
1650 443 1749 488 nisi
1764 441 1854 488 fin-

181 514 375 571 gantur,
415 510 571 557 stulta
603 513 731 569 sunt,
762 515 835 570 ut,
876 512 961 571 qui
998 512 1306 573 mirantibus,
1347 514 1477 574 quod
1515 513 1702 561 humile
1742 530 1855 562 can-

180 583 435 630 delabrum
498 584 715 630 emisset:
787 580 1118 646 ‘pransorium
1186 582 1314 645 erit’,
1382 587 1558 648 inquit.
1630 587 1715 634 sed
1767 588 1857 634 illa

180 657 364 703 similia
404 656 626 704 absurdis
666 660 780 704 sunt
820 657 978 716 acria,
1035 674 1159 719 quae
1205 663 1457 720 tamquam
1507 661 1610 707 sine
1663 660 1855 708 ratione

179 729 311 776 dicta
351 730 596 788 feruntur,
643 734 701 777 ut
740 746 908 778 servus
948 731 1249 792 Dolabellae,
1299 749 1409 779 cum
1453 734 1856 796 interrogaretur,

181 819 244 850 an
285 803 509 850 dominus
550 805 652 851 eius
685 807 962 851 auctionem
994 807 1349 866 proposuisset:
1391 802 1645 865 ‘domum',
1675 809 1855 868 inquit,

62 877 157 921 100
183 873 457 923 ‘vendidit'.
498 876 724 938 deprensi
761 879 959 924 interim
997 878 1231 939 pudorem
1271 895 1413 926 suum
1445 880 1653 927 ridiculo
1687 880 1853 942 aliquo

179 950 446 1009 explicant,
485 953 553 1008 ut,
603 952 688 1011 qui
726 953 901 998 testem
949 951 1191 999 dicentem
1239 968 1287 999 se
1337 969 1365 999 a
1411 970 1493 1000 reo
1541 954 1855 1000 vulneratum

177 1023 588 1085 interrogaverat,
629 1040 689 1071 an
731 1025 1004 1072 cicatricem
1046 1026 1261 1085 haberet,
1310 1042 1417 1073 cum
1465 1027 1550 1073 ille
1604 1028 1855 1090 ingentem

176 1098 228 1143 in
267 1096 446 1144 femine
487 1097 804 1145 ostendisset:
847 1095 1034 1157 ‘latus',
1074 1099 1250 1159 inquit,
1293 1096 1566 1160 ‘oportuit'.
1607 1103 1855 1148 contume-

177 1169 257 1217 liis
299 1185 491 1231 quoque
531 1171 604 1217 uti
644 1171 770 1218 belle
811 1172 976 1218 datur:
1017 1176 1071 1219 ut
1118 1172 1274 1233 Hispo
1308 1173 1542 1220 obicienti
1580 1175 1855 1222 accusatori

177 1245 382 1291 crimina
422 1240 552 1290 ‘men
591 1241 683 1306 <ex
714 1241 799 1307 te>
844 1241 1084 1293 metiris‘?’
1124 1246 1301 1307 inquit.
1336 1251 1383 1293 et
1416 1247 1617 1294 Fulvius
1649 1246 1856 1308 Propin-

179 1332 302 1378 quus
341 1318 505 1380 legato
545 1317 885 1381 interroganti,
936 1334 998 1365 an
1037 1321 1089 1366 in
1135 1319 1340 1380 tabulis,
1393 1335 1514 1381 quas
1560 1320 1855 1382 proferebat,

178 1391 530 1452 chirographus
571 1395 718 1439 esset:
762 1389 828 1438 ‘et
867 1388 1046 1452 verus’,
1085 1393 1262 1453 inquit,
1305 1389 1552 1440 ‘domine’.

60 1464 151 1508 101
291 1464 393 1512 Has
434 1468 520 1511 aut
560 1467 727 1526 accepi
765 1468 948 1526 species
991 1470 1075 1513 aut
1116 1467 1282 1512 inveni
1321 1468 1759 1528 frequentissimas,
1799 1484 1855 1514 ex

179 1537 356 1598 quibus
406 1538 614 1585 ridicula
662 1539 974 1599 ducerentur,
1029 1540 1111 1587 sed
1166 1544 1384 1600 repetam
1430 1555 1623 1588 necesse
1670 1543 1744 1588 est
1781 1542 1854 1588 in-

178 1610 343 1658 finitas
384 1628 484 1660 esse
524 1616 629 1659 tam
669 1613 793 1660 salse
834 1612 1024 1659 dicendi
1066 1629 1211 1674 quam
1251 1629 1429 1672 severe,
1472 1629 1594 1675 quas
1633 1617 1855 1676 praestat

176 1700 400 1745 persona,
440 1687 590 1745 locus,
641 1689 848 1746 tempus,
904 1702 1043 1733 casus
1101 1687 1324 1748 denique,
1379 1689 1464 1748 qui
1519 1691 1593 1735 est
1645 1690 1855 1734 maxime

60 1757 153 1801 102
180 1761 358 1806 varius.
399 1761 568 1820 itaque
594 1760 727 1819 haec,
766 1775 825 1805 ne
861 1761 1079 1808 omisisse
1103 1761 1308 1819 viderer,
1349 1761 1516 1823 attigi:
1555 1761 1645 1808 illa
1676 1765 1854 1819 autem,

180 1848 304 1893 quae
344 1832 401 1878 de
442 1849 535 1880 usu
576 1833 682 1894 ipso
724 1836 773 1880 et
811 1833 955 1881 modo
996 1834 1190 1881 iocandi
1223 1835 1505 1896 complexus
1538 1851 1658 1895 sum,
1699 1835 1853 1882 audeo

178 1906 462 1953 confirmare
503 1922 605 1953 esse
646 1907 791 1968 plane
831 1908 1116 1954 necessaria.

289 1979 380 2027 His
422 1980 570 2027 adicit
617 1980 865 2028 Domitius
913 1981 1116 2038 Marsus,
1173 1983 1261 2042 qui
1308 1982 1366 2027 de
1413 1981 1696 2029 urbanitate
1743 1981 1854 2028 dili-

177 2054 458 2115 gentissime
499 2056 709 2114 scripsit,
749 2054 989 2116 quaedam
1029 2071 1126 2101 non
1165 2055 1388 2113 ridicula,
1429 2054 1511 2102 sed
1543 2055 1744 2102 cuilibet
1783 2072 1853 2103 se-

177 2127 459 2174 verissimae
500 2129 714 2175 orationi
754 2130 1096 2175 convenientia
1131 2129 1379 2192 eleganter
1411 2129 1542 2176 dicta
1574 2132 1622 2175 et
1652 2131 1854 2190 proprio

177 2201 388 2260 quodam
435 2202 599 2262 lepore
646 2202 879 2248 iucunda:
937 2218 1060 2263 quae
1110 2208 1221 2249 sunt
1270 2203 1466 2263 quidem
1513 2203 1722 2262 urbana,
1770 2203 1856 2250 sed

292 2405 319 2441 4
353 2400 483 2442 stulti
517 2400 832 2444 simulatione:
867 2414 983 2454 quae
1017 2401 1264 2457 Spcddiny:
1295 2400 1558 2443 stultissimi
1589 2401 1854 2444 imitatione

178 2461 224 2502 et
271 2472 390 2512 quae
432 2461 539 2502 libri
691 2464 743 2502 13
790 2460 1007 2515 oportuit.
1059 2460 1350 2503 contumeliis
1395 2461 1600 2503 Badius.-
1647 2461 1856 2515 oportuit

174 2519 292 2560 umis
325 2526 393 2568 Ay
425 2518 630 2572 oportuit
662 2519 699 2560 is
735 2527 785 2560 J!
813 2519 1082 2574 oportunius
1114 2519 1153 2561 is
1186 2527 1259 2561 ΙῬ
1378 2524 1430 2561 14
1463 2518 1685 2562 obicienti
1718 2533 1854 2562 accu-

176 2577 319 2619 satori
368 2577 581 2634 crimina]
631 2577 940 2620 obicientibus
989 2578 1149 2620 arbore
1199 2577 1392 2620 crimina
1440 2578 1699 2620 accusatori
1747 2579 1854 2622 libri

295 2640 348 2677 15
380 2650 484 2678 men
518 2649 573 2678 ex
603 2638 649 2678 te
682 2637 910 2693 metiris?]
958 2637 1167 2679 mentiris
1200 2644 1282 2678 Pl·
1306 2637 1474 2678 mentis
1514 2644 1646 2678 ΛΕΜ
1684 2651 1757 2679 me
1797 2650 1853 2680 ex

174 2698 220 2737 te
253 2694 430 2736 metiris
465 2695 720 2738 Buttmann
756 2698 762 2750 Ι
799 2695 1050 2750 propincus
1081 2704 1118 2736 A
1149 2695 1400 2750 propinqui
1432 2696 1488 2737 de
1521 2696 1703 2739 Schuetz

177 2757 231 2795 23
265 2753 412 2795 audeo
447 2754 715 2796 confirmare
749 2768 846 2796 esse
886 2756 1048 2809 scripsi
1081 2755 1373 2810 DIadciyium
1404 2754 1599 2811 secutus]
1633 2754 1749 2796 adeo
1781 2753 1850 2796 in·

175 2811 305 2854 firma
339 2812 419 2855 sed
451 2820 581 2854 Pt'J!
612 2813 726 2855 adeo
758 2812 1037 2855 infirmarem
1073 2822 1108 2855 G
1140 2813 1255 2856 adeo
1286 2813 1518 2856 infirmare
1547 2820 1584 2854 A

1901 531 1922 562 5

1880 897 1923 928 10

1880 1264 1924 1296 15

1879 1632 1924 1662 20

1879 1998 1922 2029 25

1998 1575 2001 1580 .
1991 1373 2003 1563 “vana-..⁴4-
