2055 3130
231 69 338 122 286
765 68 1140 121 QVlNTILIANI
1167 69 1317 113 INST.
1351 69 1444 114 ΟΒ.

202 208 376 255 ‘illum
415 210 588 270 aptum
627 208 704 255 vel
742 207 951 255 militiae
989 209 1068 256 vel
1105 209 1404 270 palaestrae,
1451 209 1661 256 aliorum
1711 225 1904 271 quoque

232 281 467 329 iuvenum
519 281 807 328 bellicorum
861 285 910 328 et
965 282 1263 329 athletarum
1323 297 1527 342 corpora
1573 282 1747 330 decora
1791 299 1903 330 vere

235 357 660 402 existimaverunt:
699 369 802 412 nos,
843 357 929 415 qui
960 358 1204 402 oratorem
1236 355 1484 402 studemus
1525 355 1767 419 effingere,
1805 372 1904 403 non

145 427 207 471 22
233 443 385 487 arma,
447 428 529 474 sed
582 430 821 488 tympana
872 429 1178 489 eloquentiae
1229 426 1432 475 demus?
1502 429 1655 491 igitur
1705 431 1753 476 et
1801 430 1901 490 ille,

233 517 377 562 quem
415 502 735 560 instituimus,
776 500 1072 561 adulescens,
1120 517 1268 563 quam
1305 503 1515 547 maxime
1553 505 1728 562 potest,
1776 517 1903 549 com·
1949 518 1970 551 5

231 576 387 634 ponat
425 589 474 620 se
516 573 579 621 ad
617 574 946 620 imitationem
985 577 1223 634 veritatis,
1269 576 1578 635 initurusque
1624 576 1905 636 frequenter

231 647 502 695 forensium
545 649 866 694 certaminum
919 663 1139 710 pugnam
1188 650 1288 695 iam
1335 649 1387 694 in
1434 648 1600 695 schola
1645 650 1905 696 victoriam

232 723 419 781 spectet
457 725 505 767 et
543 721 688 767 ferire
733 721 911 767 vitalia
961 737 1016 768 ac
1065 723 1198 768 tueri
1236 723 1373 780 sciat,
1424 724 1472 768 et
1519 725 1808 783 praeceptor
1852 721 1905 768 id

230 794 441 841 maxime
482 795 660 856 exigat,
709 795 965 841 inventum
1014 796 1277 855 praecipue
1328 794 1513 855 probet.
1565 810 1680 841 nam
1733 798 1788 842 ut
1842 794 1906 841 ad

232 869 401 928 peiora
439 869 636 914 iuvenes
676 867 821 914 laude
861 868 1123 928 ducuntur,
1162 869 1234 914 ita
1273 868 1468 914 laudati
1512 869 1563 914 in
1610 868 1751 915 bonis
1801 884 1903 915 ma·
1929 885 1973 916 10

146 939 208 983 23
232 943 363 987 nent.
404 956 531 987 nunc
569 940 697 987 illud
737 940 856 986 mali
895 944 982 1001 est,
1030 941 1160 1001 quod
1199 941 1470 988 necessaria
1508 941 1794 1002 plerumque
1843 943 1904 989 si-

231 1014 382 1061 lentio
421 1017 679 1061 transeunt
718 1029 805 1061 nec
836 1016 887 1060 in
920 1014 1124 1061 dicendo
1155 1015 1350 1062 videtur
1379 1016 1508 1062 inter
1539 1014 1666 1062 bona
1696 1015 1904 1062 utilitas.

232 1087 317 1134 sed
355 1087 474 1134 haec
515 1091 562 1134 et
600 1089 651 1133 in
693 1087 789 1134 alio
830 1088 970 1135 nobis
1008 1091 1223 1135 tractat-a
1271 1092 1383 1135 sunt
1430 1104 1575 1149 opere
1624 1092 1672 1135 et
1717 1088 1769 1134 in
1815 1088 1907 1135 hoc

231 1176 375 1221 saepe
414 1160 702 1222 repetenda:
741 1177 870 1208 nunc
909 1161 971 1209 ad
1011 1161 1230 1208 ordinem
1267 1161 1529 1222 inceptum.

764 1287 862 1343 [DE
896 1285 1359 1344 REFUTATIONE]
1931 1309 1973 1342 15

179 1382 200 1425 l
347 1381 482 1428 XHl.
522 1382 775 1428 Refutatio
817 1381 1078 1443 dupliciter
1109 1383 1267 1442 accipi
1306 1384 1487 1442 potest:
1539 1397 1652 1428 nam
1699 1383 1748 1428 et
1791 1396 1906 1442 pars

234 1455 502 1502 defensoris
542 1459 650 1503 tota
697 1458 768 1501 est
813 1457 977 1516 posita
1022 1457 1073 1501 in
1120 1456 1437 1514 refutatione,
1500 1457 1549 1502 et
1602 1469 1726 1515 quae
1774 1454 1908 1501 dicta

235 1532 349 1575 sunt
390 1544 445 1575 ex
485 1529 692 1587 diverso,
732 1528 909 1576 debent
948 1531 1196 1589 utrimque
1237 1528 1452 1576 dissolvi.
1493 1531 1541 1575 et
1571 1528 1662 1575 hoc
1694 1530 1767 1575 est
1797 1543 1906 1589 pro-

233 1602 354 1663 prie,
394 1603 473 1648 cui
511 1604 564 1649 in
603 1603 762 1649 causis
803 1606 1007 1663 quartus
1049 1603 1338 1665 adsignatur
1383 1602 1545 1662 locus,
1592 1601 1675 1649 sed
1719 1603 1906 1649 utrius·
2028 1660 2030 1665 Ι

234 1691 326 1736 que
366 1675 539 1722 similis
581 1675 800 1722 condicio
851 1680 936 1724 est.
984 1691 1141 1737 neque
1187 1691 1300 1722 vero
1349 1692 1404 1722 ex
1452 1676 1563 1723 aliis
1609 1676 1731 1722 locis
1777 1676 1905 1722 ratio
1931 1691 1975 1722 20

235 1752 636 1811 argumentorum
675 1749 727 1795 in
766 1750 857 1796 hac
896 1752 1036 1810 parte
1084 1751 1188 1811 peti
1235 1751 1396 1810 potest
1442 1765 1590 1810 quam
1637 1749 1688 1795 in
1735 1748 1905 1796 confir-
2032 1737 2044 1743 '⁴

234 1824 463 1881 matione,
504 1838 590 1869 neo
629 1823 847 1870 locorum
887 1826 973 1870 aut
1019 1824 1372 1870 sententiarum
1419 1825 1506 1870 aut
1550 1821 1812 1869 verborum
1860 1825 1908 1869 et

236 1895 502 1958 figurarum
545 1897 642 1943 alia
683 1897 902 1944 condicio
943 1899 1029 1944 est.
1072 1896 1290 1943 adfectus
1322 1897 1610 1957 plerumque
1641 1895 1759 1943 haec
1790 1910 1906 1956 pars

234 1972 453 2018 mitiores
492 1970 653 2016 habet.
2042 2028 2045 2035 .

344 2044 456 2090 Non
496 2046 598 2090 sine
640 2059 787 2090 causa
825 2046 991 2090 tamen
1032 2043 1280 2090 difficilius
1321 2059 1510 2104 semper
1548 2045 1622 2090 est
1653 2043 1907 2102 creditum,
1931 2058 1974 2090 25
2039 2074 2045 2082 ·

235 2117 366 2177 quod
408 2116 574 2164 Cicero
615 2133 758 2178 saepe
790 2120 1015 2177 testatur,
1057 2117 1311 2164 defendere
1346 2132 1493 2177 quam
1525 2131 1767 2164 accusare.
1807 2118 1907 2177 pri-

234 2207 383 2249 mum,
424 2191 554 2251 quod
593 2194 666 2238 est
704 2206 779 2238 res
818 2191 906 2237 illa
958 2191 1249 2252 simplicior:
1296 2192 1587 2251 proponitur
1633 2191 1761 2237 enim
1807 2205 1905 2237 uno

234 2263 394 2323 modo,
435 2263 721 2311 dissolvitur
758 2265 909 2323 varie,
949 2280 1058 2311 cum
1098 2266 1375 2311 accusat-ori
1414 2265 1534 2311 satis
1583 2265 1648 2310 sit
1693 2264 1905 2324 plerum-

236 2353 330 2397 que
370 2353 536 2383 verum
579 2353 678 2385 esse
711 2338 775 2398 id,
817 2338 946 2399 quod
987 2338 1230 2397 obiecerit,
1268 2340 1504 2398 patronus
1545 2339 1701 2399 neget,
1741 2337 1906 2383 defen-

235 2410 334 2469 dat,
373 2411 653 2471 transferat,
695 2415 903 2471 excuset,
943 2412 1240 2472 deprecetur,
1280 2411 1486 2470 molliat,
1525 2412 1730 2469 minuat,
1770 2425 1905 2458 aver·
1930 2425 1974 2457 30

233 2487 323 2543 tat,
364 2484 616 2545 despiciat,
656 2484 885 2532 derideat.
927 2501 1077 2545 quare
1116 2485 1229 2531 inde
1261 2488 1394 2532 recta
1426 2485 1525 2530 fere
1551 2487 1710 2545 atque,
1748 2486 1806 2530 ut
1837 2485 1906 2530 sic

236 2557 456 2617 dixerim,
497 2558 711 2605 clamosa
751 2565 823 2605 est
864 2558 1011 2606 actio:
1051 2559 1165 2605 hinc
1203 2559 1338 2605 mille
1377 2557 1529 2604 flexus
1569 2562 1617 2604 et
1655 2559 1784 2605 artes
1825 2556 1904 2602 de-

175 1896 203 1939 [Q

356 2746 380 2784 2
412 2742 735 2785 bellicosorum
768 2741 828 2783 Αεἰ
949 2747 972 2784 3
1007 2742 1383 2785 existimaverunt
1400 2750 1460 2784 P:
1494 2739 1801 2784 existimarint
1824 2747 1910 2782 AB

356 2804 409 2866 19
442 2801 622 2843 laudati
653 2827 710 2833 ——
741 2802 932 2844 manent
965 2802 1203 2845 Kiderlin:
1233 2800 1416 2843 laudari
1449 2827 1502 2832 —
1535 2799 1730 2843 mallent

237 2863 291 2901 27
326 2873 448 2901 emm
481 2874 548 2903 om
584 2868 618 2901 Α
