2055 3130
234 72 338 124 156
719 69 1093 122 QVINTILIANI
1123 69 1272 117 INST.
1306 68 1400 113 OR.

231 213 339 257 tum
379 210 630 273 generales
670 210 828 257 status
867 208 1118 267 vocabam,
1156 209 1209 255 in
1241 208 1354 267 duc,
1393 210 1450 254 ut
1482 208 1686 268 ostendi,
1725 223 1906 270 genera

233 284 502 342 discedunt,
541 283 844 329 rationale
885 284 941 328 et
979 281 1188 344 legale.
1227 280 1472 327 rationale
1513 281 1782 342 simplicius
1815 283 1906 340 est,

234 359 351 418 quia
381 358 537 417 ipsius
569 358 763 402 tantum
796 357 1003 401 naturae
1036 354 1448 415 contemplatione
1482 356 1694 401 constat:
1733 355 1905 414 itaque

235 432 287 476 in
327 445 381 476 eo
422 431 542 476 satis
584 431 658 476 est
713 428 978 476 ostendisse
1027 429 1370 487 coniecturam,
1416 427 1703 486 finitionem,
1751 426 1908 488 quali—

149 502 206 546 87
236 505 404 550 tatem.
443 502 679 564 legalium
718 502 883 563 plures
925 502 1026 548 sint
1064 502 1247 561 species
1288 516 1481 548 necesse
1521 502 1609 559 est,
1647 502 1909 561 propterea
1955 516 1976 548 5

238 576 365 637 quod
405 576 588 622 multae
628 578 746 622 sunt
784 575 915 637 leges
956 577 1004 621 et
1042 576 1205 621 varias
1245 573 1428 620 habent
1466 575 1661 621 formas.
1704 573 1804 620 alia
1836 575 1911 620 est

237 651 374 696 cuius
414 648 575 696 verbis
615 650 835 707 nitimur,
891 649 990 694 alia
1045 649 1182 694 0111115
1238 648 1517 694 voluntate:
1577 647 1700 693 alias
1753 645 1912 705 nobis,

237 738 346 769 cum
391 724 489 783 ipsi
541 723 732 769 nullam
784 721 1066 780 habeamus,
1122 721 1450 783 adiungimus,
1505 720 1628 767 alias
1677 721 1808 767 inter
1861 735 1911 766 50

150 802 211 847 88
237 811 591 856 comparamus,
632 795 754 842 alias
793 796 845 840 in
885 794 1132 842 diversum
1170 795 1565 854 interpretamur.
1607 795 1676 841 sic
1706 807 1912 840 nascun-

236 871 318 916 tur
357 870 476 916 haec
515 869 653 915 velut
692 868 956 914 simulacra
990 883 1045 914 ex
1077 867 1176 914 illis
1209 867 1382 925 tribus,
1421 867 1620 913 interim
1652 867 1910 926 simplicia,
1937 882 1981 914 10

236 944 437 989 interim
477 945 526 989 et
564 943 731 1003 mixta,
773 943 1024 1002 propriam
1063 943 1228 987 tamen
1269 941 1445 986 faciem
1486 940 1808 999 ostendentia,
1855 941 1914 986 ut

238 1015 411 1076 scripti
452 1017 500 1062 et
539 1015 827 1074 voluntatis,
883 1030 1006 1075 quae
1049 1015 1152 1061 sine
1194 1013 1342 1060 dubio
1399 1015 1486 1061 aut
1538 1012 1780 1075 qualitate
1826 1015 1914 1059 aut

239 1091 519 1136 coniectura
567 1089 893 1147 continentur,
948 1090 997 1135 et
1047 1085 1379 1151 συλλογισμός,
1434 1086 1519 1148 (1111
1577 1089 1650 1133 est
1702 1085 1914 1132 maxime

240 1163 515 1224 qualitatis,
558 1165 605 1208 et
643 1163 776 1225 leges
816 1161 1105 1220 contrariae,
1145 1177 1269 1221 quae
1295 1161 1449 1207 isdem
1475 1160 1650 1221 quibus
1677 1160 1916 1220 Scriptum

241 1240 289 1283 et
319 1236 548 1283 voluntas
582 1238 821 1294 constant,
863 1238 911 1281 et
943 1232 1227 1296 ἀμφιβολία,
1263 1250 1387 1294 quae
1420 1249 1610 1294 semper
1634 1234 1914 1280 coniectura
1939 1247 1981 1279 15

153 1316 214 1360 89
239 1310 526 1370 explicatur.
545 1309 703 1356 finitio
721 1323 911 1369 quoque
926 1307 1124 1368 utrique
1143 1308 1321 1369 generi,
1341 1306 1569 1367 quodque
1587 1322 1746 1353 rerum
1764 1305 1915 1366 quod-

240 1399 332 1445 que
355 1384 527 1443 seripti
546 1383 958 1442 contemplatione
974 1383 1180 1439 constat,
1201 1382 1470 1427 communis
1493 1383 1578 1427 est.
1604 1380 1914 1439 haecomnia,

241 1458 434 1504 etiamsi
458 1457 509 1502 in
530 1456 643 1503 illos
656 1458 755 1502 tres
779 1458 936 1502 status
950 1456 1170 1512 veniunt,
1189 1457 1368 1514 tamen,
1385 1455 1514 1514 quia,
1531 1456 1588 1500 ut
1601 1453 1716 1512 (lixi,
1733 1453 1918 1499 habent

240 1529 429 1590 aliquid
461 1530 597 1576 velut
629 1530 897 1590 proprium,
929 1528 1160 1574 videntur
1192 1527 1569 1575 demonstranda
1603 1526 1916 1585 discentibus,

240 1606 289 1651 et
319 1603 703 1664 permittendum
736 1618 792 1649 ea
817 1602 976 1648 dicere
1000 1601 1078 1648 vel
1119 1603 1313 1649 status
1353 1601 1579 1663 legales
1619 1600 1697 1647 vel
1736 1615 1914 1661 quae-
1940 1615 1984 1647 20
2049 1623 2051 1626 ·

241 1679 466 1724 stiones
506 1677 586 1722 vel
626 1676 830 1737 capita
870 1675 1111 1736 quaedam
1151 1676 1398 1734 minora,
1441 1674 1556 1720 dum
1595 1676 1754 1721 sciant
1791 1673 1918 1720 nihil

244 1767 303 1798 ne
342 1752 396 1798 in
434 1751 510 1797 his
553 1750 749 1810 quidem
788 1751 986 1810 praeter
1023 1750 1136 1807 tria,
1176 1764 1300 1809 quae
1338 1748 1685 1808 praediximus,
1732 1747 1916 1808 quaeri.

152 1824 215 1868 90
242 1830 295 1871 at
342 1826 627 1884 quantum
667 1826 715 1870 et
754 1838 924 1883 quam
964 1823 1211 1868 multum
1253 1825 1302 1868 et
1349 1822 1416 1868 ad
1465 1820 1697 1882 aliquid
1737 1823 1807 1880 et,
1862 1822 1919 1867 ut

241 1898 468 1944 nonnulli
491 1899 804 1958 putaverunt,
838 1897 1291 1957 comparativus
1324 1911 1422 1942 non
1447 1894 1648 1941 eandem
1673 1895 1916 1941 rationem

241 1971 444 2018 habent:
485 1973 600 2017 sunt
640 1971 768 2016 enim
806 1970 926 2016 haec
964 1985 1063 2016 non
1103 1969 1165 2016 ad
1203 1971 1495 2016 varietatem
1533 1969 1669 2027 iuris,
1723 1967 1805 2015 sed
1855 1967 1916 2013 ad
1942 1982 1984 2014 25

243 2045 399 2092 solam
448 2045 691 2091 rationem
740 2042 1007 2090 referenda.
1054 2043 1261 2103 ideoque
1311 2058 1501 2103 semper
1546 2043 1599 2087 in
1644 2043 1785 2102 parte
1832 2043 1919 2087 aut

244 2120 551 2166 coniecturae
592 2119 677 2163 aut
718 2117 975 2177 qualitatis
1015 2116 1240 2176 ponenda
1280 2119 1408 2175 sunt,
1448 2118 1504 2161 ut
1545 2111 1662 2175 ‘qua
1700 2110 1915 2161 mente‘?'

244 2195 294 2238 et
334 2188 450 2252 ((1110
489 2186 761 2251 130111Ρο1οΪ>’
805 2193 854 2237 et
894 2187 1010 2250 ((1110
1049 2185 1209 2236 100οῬ’

156 2265 216 2308 91
357 2264 451 2312 Sed
491 2265 549 2311 de
589 2264 796 2325 singulis
837 2263 1054 2310 dicemus
1110 2261 1499 2323 quaestionibus,
1548 2276 1658 2308 cum
1704 2263 1918 2308 tractare

245 2340 508 2400 praecepta
548 2337 804 2384 divisionis
847 2339 1160 2397 coeperimus.
1200 2336 1291 2382 hoc
1329 2335 1458 2381 inter
1483 2349 1649 2382 omnes
1675 2335 1918 2391 convenit,
1944 2350 1987 2381 30

243 2412 296 2458 in
336 2414 495 2459 causis
536 2410 841 2471 simplicibus
881 2410 1099 2472 singulos
1133 2412 1290 2456 status
1324 2423 1425 2455 esse
1458 2422 1730 2468 causarum,
1771 2423 1919 2468 quae-

247 2486 464 2533 stionum
506 2488 684 2543 autem,
726 2499 849 2544 quae
889 2484 1026 2530 velut
1065 2483 1319 2530 subiacent
1356 2482 1433 2528 his
1467 2484 1516 2528 et
1546 2482 1610 2528 ad
1639 2480 1780 2541 illud,
1822 2496 1919 2542 quo

246 2559 481 2606 iudicium
507 2559 798 2616 continetur,
822 2557 1115 2616 referuntur,
1141 2571 1284 2617 saepe
1308 2557 1360 2602 in
1384 2571 1534 2602 unam
1559 2554 1729 2602 cadere
1753 2554 1919 2615 plures

364 2747 389 2784 8
421 2742 646 2785 habemus
678 2740 877 2783 PBn²N
991 2745 1044 2783 13
1079 2741 1342 2783 continetur
1371 2747 1416 2782 Β
1441 2740 1446 2795 Ι
1475 2738 1555 2793 (1111
1588 2740 1635 2781 et
1664 2753 1724 2781 m.
1757 2745 1802 2780 B

247 2806 300 2844 15
320 2803 501 2844 constat
527 2808 613 2842 BP
729 2804 784 2842 24
808 2802 1033 2855 putarunt
1056 2807 1093 2841 A
1214 2803 1268 2840 32
1303 2798 1545 2841 subiacent
1566 2797 1640 2840 his
1665 2800 1712 2840 et
1727 2805 1784 2839 A:
1811 2795 1918 2839 sub-

245 2861 450 2903 iacentes
483 2862 529 2902 et
560 2867 604 2901 Β
634 2858 923 2901 subiacentes
956 2866 1000 2900 P
