2055 3130
0 69 3 174 J
770 69 846 112 IV.
882 75 921 123 1,
957 74 1142 113 60-71.
1699 70 1801 121 197

120 213 314 271 partem
359 209 860 269 vehementissimam,
928 209 1062 256 cuius
1116 209 1235 256 haec
1298 209 1457 255 forma
1514 211 1588 255 est
1635 205 1803 256 ‘habes

121 285 289 346 igitur,
367 284 573 342 Tubero,
651 282 781 343 quod
858 287 931 329 est
1001 283 1276 330 accusatori
1342 283 1552 328 maxime
1631 285 1804 343 optan-

123 354 256 404 dum'
315 360 364 404 et
415 360 576 404 cetera
631 358 888 402 convertat
942 356 1006 403 ad
1058 357 1291 403 iudicem:
1353 359 1460 402 tum
1516 357 1646 402 enim
1694 372 1804 402 vere

123 446 297 478 aversa
335 429 562 477 videatur
603 430 760 476 oratio
802 433 851 476 et
889 429 1177 492 languescat
1218 432 1292 476 vis
1319 431 1489 488 omnis,
1531 430 1804 476 dicentibus

78 522 97 553 5
122 505 283 552 nobis:
335 499 501 550 ‘habet
538 505 693 565 igitur
733 503 924 550 Tubero
965 504 1097 565 quod
1144 507 1215 551 est
1268 505 1545 550 accusatori
1593 505 1805 550 maxime

122 572 435 639 optandum'3
475 577 563 623 illo
598 578 727 624 enim
758 578 903 624 modo
943 579 1123 638 pressit
1156 580 1305 638 atque
1344 578 1543 637 institit,
1582 577 1673 624 hoc
1697 580 1804 624 tan-

120 655 226 698 tum
264 651 542 698 indicasset.
586 651 717 711 quod
754 651 887 697 idem
924 651 975 697 in
1016 651 1366 711 Demosthene,
1415 651 1457 698 si
1503 651 1681 697 flexum
1728 651 1806 697 illi
1832 651 1893 694 68

119 727 405 784 mutaveris,
439 724 638 771 accidet.
681 723 832 785 quid?
872 741 970 772 non
1006 725 1272 773 Sallustius
1306 726 1498 773 derecto
1526 726 1588 772 ad
1615 724 1803 772 Cicero-

120 815 247 858 nem,
286 799 338 845 in
378 814 528 860 quem
565 800 728 860 ipsum
768 798 975 859 dicebat,
1031 814 1145 846 usus
1186 803 1259 846 est
1298 799 1557 861 principio,
1610 802 1656 846 et
1698 801 1804 860 qui-

55 891 98 922 10
123 873 231 920 dem
295 870 554 933 protinus?
626 867 883 920 eGraviter
945 876 994 920 et
1062 873 1233 934 iniquo
1305 875 1469 920 animo
1539 873 1805 920 maledicta

117 949 207 994 tua
256 950 473 1008 paterer,
527 947 591 993 M.
648 942 817 1006 Tuus,
870 948 998 994 sicut
1056 946 1223 994 Cicero
1278 947 1463 994 fecerat
1517 949 1567 993 'm
1634 947 1804 994 Catili-

118 1037 254 1068 nam:
312 1016 437 1075 ‘Quo
492 1036 646 1081 usque
707 1021 909 1067 tandem
965 1016 1220 1068 abutere'?
1284 1036 1340 1068 ac
1394 1038 1453 1067 ne
1511 1023 1620 1082 quis
1683 1018 1806 1068 ἁπο-
1832 1021 1894 1064 69

119 1093 340 1157 στροφήν
378 1094 606 1156 miretur,
657 1095 786 1141 idem
842 1094 1008 1142 Cicero
1063 1112 1153 1156 pro
1207 1095 1388 1142 Scauro
1442 1095 1655 1142 ambitus
1706 1111 1805 1153 reo,

121 1185 249 1230 quae
288 1184 435 1216 causa
476 1172 549 1216 est
587 1169 640 1214 in
680 1170 1045 1216 commentariis
1098 1163 1237 1233 (nam
1276 1169 1351 1216 bis
1394 1169 1602 1216 eundem
1644 1169 1805 1216 defen-

52 1259 94 1290 15
119 1236 232 1308 dit),
283 1243 641 1304 prosopopoeia
681 1244 927 1304 loquentis
975 1259 1063 1304 pro
1111 1260 1193 1290 reo
1235 1245 1415 1303 utitur,
1464 1259 1554 1305 pro
1602 1243 1805 1290 Rabirio

118 1333 234 1364 vero
276 1316 508 1364 Postumo
551 1317 817 1378 eodemque
860 1316 1045 1365 Scauro
1093 1333 1176 1364 reo
1223 1317 1609 1378 repetundarum
1656 1319 1807 1364 etiam

119 1392 368 1452 exemplis,
407 1407 496 1452 pro
541 1390 780 1451 Cluentio,
831 1395 888 1437 ut
926 1391 1072 1438 modo
1115 1392 1328 1451 ostendi,
1375 1393 1659 1453 partitione.
1708 1393 1896 1438 11011ῒο

119 1469 286 1512 tamen
337 1465 472 1525 haec,
527 1467 641 1525 quia
692 1469 899 1527 possunt
949 1465 1070 1513 bene
1124 1466 1390 1527 aliquando
1444 1466 1565 1525 fieri,
1619 1467 1806 1527 passim

118 1538 345 1586 facienda
386 1542 513 1598 sunt,
555 1539 638 1586 sed
679 1541 904 1601 quotiens
944 1543 1264 1601 praeceptum
1302 1540 1476 1587 vicerit
1514 1542 1666 1587 ratio:
1709 1556 1805 1601 quo

51 1629 95 1660 20
117 1613 263 1660 modo
290 1616 339 1660 et
363 1613 704 1675 similitudine,
739 1614 854 1660 dum
878 1614 1031 1673 brevi,
1073 1617 1121 1661 et
1152 1615 1477 1662 translatione
1511 1618 1661 1675 atque
1697 1614 1807 1661 aliis

117 1689 289 1749 tropis,
332 1704 456 1748 quae
497 1689 661 1734 omnia
704 1690 838 1734 cauti
875 1688 952 1734 illi
994 1704 1048 1735 ac
1083 1688 1344 1751 diligentes
1385 1688 1662 1749 prohibent,
1703 1692 1806 1734 ute-

117 1778 227 1808 mur
266 1762 479 1821 interim,
528 1762 624 1810 nisi
666 1764 745 1808 cui
785 1762 953 1808 divina
1000 1763 1089 1809 illa
1135 1778 1223 1822 pro
1274 1762 1474 1824 Ligario
1522 1764 1698 1821 ironia,
1749 1762 1805 1808 de

120 1851 219 1896 qua
256 1836 406 1896 paulo
449 1840 565 1882 ante
606 1836 838 1894 dixeram,
880 1836 1122 1897 displicet.
1173 1837 1273 1884 alia
1321 1837 1634 1884 exordiorum
1680 1838 1806 1883 vit-ia
1837 1837 1892 1880 71

117 1912 282 1957 verius
332 1909 658 1957 tradiderunt.
715 1910 847 1972 quod
899 1912 952 1957 in
1006 1910 1162 1972 pluris
1219 1926 1390 1958 causas
1447 1910 1807 1958 accommodari

52 1999 93 2031 25
116 1986 303 2046 potest,
357 1984 607 2046 vulgare
655 1984 859 2031 dicitur:
910 1984 963 2031 id
1009 1987 1170 2032 minus
1217 1985 1490 2032 favorabile
1539 1984 1804 2045 aliquando

116 2061 284 2105 tamen
323 2074 420 2105 non
459 2059 709 2106 inutiliter
748 2059 1068 2118 adsumimus,
1107 2059 1300 2121 magnis
1342 2075 1487 2120 saepe
1529 2059 1805 2106 orat-oribus

116 2148 217 2179 non
256 2133 523 2193 evitatum;
576 2149 671 2193 quo
714 2137 762 2180 et
803 2133 1110 2180 adversarius
1151 2135 1227 2179 uti
1272 2136 1458 2195 potest,
1507 2149 1805 2180 commune

121 2206 427 2268 appellatur:
469 2207 603 2268 quod
642 2207 952 2255 adversarius
992 2209 1045 2254 in
1084 2223 1223 2255 suam
1254 2208 1527 2254 utilitatem
1551 2207 1804 2255 deflectere

118 2283 298 2341 potest,
331 2280 774 2328 commutabile:
816 2281 948 2342 quod
974 2297 1149 2329 causae
1174 2297 1273 2329 non
1299 2283 1539 2342 cohaeret,
1565 2296 1805 2343 separa-

53 2369 95 2400 30
119 2357 263 2401 tum:
298 2355 430 2416 quod
454 2355 651 2402 aliunde
676 2356 906 2415 trahitur,
940 2357 1331 2403 translatum:
1366 2351 1646 2419 [praeterea
1672 2355 1806 2417 quod

117 2429 385 2492 longum,
425 2429 556 2490 quod
597 2432 805 2476 contra
837 2433 1163 2491 praecepta
1197 2425 1293 2493 est]
1321 2446 1530 2491 quorum
1568 2430 1805 2491 pleraque

119 2518 218 2550 non
257 2504 492 2564 principii
530 2504 675 2551 modo
717 2506 832 2551 sunt
870 2505 1008 2565 vitia,
1050 2504 1134 2551 sed
1172 2506 1326 2552 totius
1368 2505 1620 2552 orationis.

240 2660 1325 2717 101‚2—101nv.1,1—13frg.D.1

242 2824 265 2862 7
298 2820 434 2864 illum
457 2821 517 2863 ΑΞ
639 2827 664 2865 8
698 2822 873 2865 accidit
903 2831 988 2865 AB
1108 2828 1163 2866 20
1196 2823 1347 2866 brevis
1370 2831 1416 2866 B
1536 2829 1590 2866 22
1623 2823 1733 2880 nisi]
1768 2823 1806 2865 si

119 2879 229 2920 BP¹
350 2885 405 2922 30
437 2884 679 2936 praeterea
710 2908 769 2914 -
802 2884 872 2925 est
902 2884 989 2926 secl
1021 2885 1182 2940 Meyer
1213 2885 1265 2937 cf
1290 2884 1346 2926 Vt
1369 2897 1405 2938 p
1438 2887 1523 2924 423
