2055 3130
39 1270 79 1303 15

38 1642 80 1673 20

36 2012 77 2044 25

761 78 838 122 m.
874 83 914 133 e,
948 83 1136 122 39—50.
1692 80 1797 132 149

109 219 274 279 habet,
306 223 363 266 ut
394 220 516 281 lege,
551 219 636 265 sed
666 219 810 265 illum
845 233 1057 279 quoque,
1089 221 1145 265 ut
1176 219 1304 265 iuste
1329 220 1501 266 fecisse
1525 219 1798 278 videamur,
1876 212 1881 217 ’

110 296 266 341 secuti
304 294 578 341 Antonium
618 294 835 354 apertius
875 292 1139 339 voluerunt
1191 292 1386 339 eosdem
1425 295 1583 339 status
1624 293 1797 340 distin-

109 383 272 430 guere,
311 369 481 428 itaque
523 366 750 413 dixerunt
791 366 1290 426 coniecturalem,
1331 367 1609 429 legalem,
1649 366 1797 412 iuri-

109 442 382 501 dicalem,
430 441 515 501 qui
555 443 603 487 et
634 440 871 503 Verginio
903 440 1114 501 placent.
1154 440 1332 487 horum
1371 439 1544 487 deinde
1577 441 1797 487 fecerunt
1822 438 1885 484 46

109 517 307 576 species,
349 515 421 561 ita
459 517 517 561 ut
555 514 706 577 legali
747 514 1025 561 subicerent
1064 514 1409 562 finitionem
1450 517 1498 562 et
1531 515 1668 573 alios,
1709 516 1799 575 qui

109 605 173 635 ex
214 590 442 650 scripto
469 587 732 647 ducuntur,
764 588 958 650 legum
1001 588 1468 646 contrariarum,
1510 603 1636 649 quae
1668 585 1796 635 ἀντι-

106 662 255 725 νομία
280 663 473 720 dicitur,
508 665 556 708 et
580 661 795 723 scripti
827 665 882 709 et
922 663 1259 709 sententiae
1298 663 1392 709 vel
1431 663 1797 721 voluntatis,

106 736 158 782 id
199 739 271 783 est
310 734 430 783 κατὰ
471 734 620 800 ῥητὸν
658 733 741 782 καὶ
781 735 1007 783 διάνοιαν
1049 738 1097 783 et
1137 735 1461 798 μετάλημψιν,
1510 752 1659 797 quam
1707 752 1796 784 nos

106 810 241 858 varie
295 810 750 870 translativam,
813 810 1346 871 transumptivam,
1400 811 1795 872 transpositi-

107 900 234 931 vam
289 899 545 944 vocamus,
617 882 961 948 συλλογισμόν,
1019 899 1163 944 quem
1219 885 1490 946 accipimus
1544 885 1796 931 ratioci-

105 960 376 1006 nativum
415 958 509 1005 vel
549 958 956 1018 collectivum,
998 958 1447 1021 ambiguitatis,
1490 975 1614 1019 quae
1647 956 1797 1020 ἀμφι-

107 1032 248 1095 βολία
297 1032 603 1079 nominatur:
652 1047 774 1094 quos
820 1033 978 1093 posui,
1035 1032 1154 1093 quia
1207 1036 1255 1079 et
1309 1034 1409 1094 ipsi
1464 1049 1492 1078 a
1547 1033 1796 1094 plerisque

107 1109 266 1154 status
307 1107 639 1168 appellantur,
682 1122 793 1153 cum
819 1106 1117 1167 quibusdam
1148 1107 1380 1170 legales
1420 1109 1591 1169 potius
1618 1122 1798 1168 quae-

106 1180 333 1228 stiones
375 1196 456 1228 eas
497 1181 595 1227 dici
634 1181 890 1242 placuerit.

218 1253 466 1310 Quattuor
523 1255 641 1302 fecit
705 1254 1015 1314 Athenaeus,
1070 1253 1426 1319 προτρεπτικὴν
1489 1255 1656 1302 στάσιν
1718 1255 1799 1302 vel
1825 1253 1882 1298 47

104 1327 492 1392 παρορμητικήν7
546 1329 598 1375 id
645 1332 719 1377 est
767 1329 1237 1388 exhortativum,
1289 1331 1376 1390 qui
1426 1331 1673 1377 suasoriae
1726 1332 1799 1376 est

105 1403 349 1465 proprius,
390 1402 691 1465 συντελικήν,
734 1419 831 1464 qua
871 1405 1205 1450 coniecturam
1246 1403 1515 1467 significari
1548 1404 1707 1467 magis
1742 1419 1799 1450 ex

104 1478 195 1538 his,
236 1493 361 1539 quae
402 1481 645 1537 secuntur,
702 1493 853 1539 quam
900 1494 956 1524 ex
1002 1479 1110 1539 ipso
1151 1478 1349 1525 nomine
1384 1482 1605 1539 apparet,
1645 1475 1797 1524 ὑπαλ-

105 1550 338 1613 λακτικήν
380 1545 461 1603 (ea
500 1551 659 1599 finitio
701 1554 788 1611 est,
828 1551 1103 1599 mutatione
1139 1552 1269 1599 enim
1310 1552 1523 1599 nominis
1565 1545 1798 1618 constat),

105 1625 520 1685 iuridicalem,
561 1626 731 1674 eadem
773 1626 1107 1687 appellatione
1143 1624 1330 1674 Graeca
1356 1643 1453 1688 qua
1479 1628 1629 1673 ceteri
1653 1642 1796 1685 usus3

103 1689 220 1746 nam
261 1703 347 1760 est,
386 1703 442 1747 ut
483 1700 598 1761 dixi,
637 1701 797 1747 multa
830 1702 883 1747 in
914 1700 1193 1747 nominibus
1228 1701 1518 1748 differentia.
1561 1704 1678 1747 sunt
1710 1701 1798 1761 qui
1823 1697 1885 1742 48

105 1771 468 1836 ὑπαλλακτικήν
507 1775 972 1822 translationem
1013 1790 1114 1822 esse
1148 1776 1449 1835 existimant,
1489 1775 1646 1822 secuti
1669 1775 1798 1821 hanc

104 1849 395 1896 mutationis
429 1848 856 1910 significationem.
897 1849 1119 1896 fecerunt
1153 1850 1241 1896 alii
1271 1849 1481 1896 totidem
1513 1852 1685 1909 status,
1713 1847 1798 1895 sed

106 1922 253 1970 alios:
310 1938 380 1969 an
420 1921 532 1970 sit?
605 1923 749 1984 quid
789 1921 902 1971 sit‘?
960 1923 1134 1984 quale
1177 1921 1290 1970 sit‘?
1347 1926 1637 1984 quantum
1684 1920 1796 1970 sit‘?

103 1999 160 2044 ut
201 1995 441 2044 Caecilius
490 2001 538 2044 et
585 1997 766 2044 Theon.
823 1997 1117 2044 Aristoteles
1168 1998 1221 2044 in
1259 1997 1517 2045 rhetoricis
1571 2013 1642 2044 an
1694 1999 1796 2056 sit,
1821 1994 1886 2039 49

106 2071 303 2131 quale,
352 2074 643 2132 quantum
694 2075 749 2119 et
790 2087 966 2133 quam
1004 2072 1255 2119 multum
1302 2073 1403 2132 sit,
1460 2070 1799 2132 quaerendum

104 2148 262 2207 putat.
298 2145 511 2207 quodam
551 2149 719 2193 tamen
756 2147 865 2194 loco
897 2145 1137 2194 finitionis
1172 2162 1366 2208 quoque
1398 2147 1501 2193 vim
1533 2146 1796 2208 intellegit,

106 2235 203 2280 quo
245 2215 367 2267 dicit
408 2220 654 2280 quaedam
693 2221 761 2267 sic
802 2220 1019 2267 defendi:
1063 2216 1276 2281 ‘sustuli‚
1328 2221 1412 2269 sed
1460 2237 1559 2268 non
1607 2221 1798 2267 furtum

105 2294 215 2354 feci,
256 2295 490 2355 percussi7
531 2294 616 2342 sed
655 2311 754 2342 non
792 2296 1024 2346 iniuriam
1065 2290 1195 2342 feci’.
1257 2297 1496 2356 posuerat
1538 2298 1586 2341 et
1628 2293 1797 2341 Cicero
1824 2291 1888 2336 50

224 2425 279 2462 25
313 2419 442 2464 Caec.
476 2420 562 2477 frg.
605 2425 660 2462 49
694 2420 867 2464 Burkh.
908 2421 1049 2464 Arist.
1083 2436 1113 2477 p
1149 2425 1262 2464 1416
1295 2421 1325 2464 b
1360 2426 1436 2478 2ος
1472 2424 1587 2464 1374
1620 2433 1647 2462 a
1681 2425 1704 2462 2
1741 2447 1796 2452 —

106 2484 161 2521 29
195 2479 262 2522 De
295 2480 386 2523 inv.
422 2485 461 2533 1,
495 2484 535 2532 8,
571 2485 625 2522 10

227 2600 250 2638 3
270 2597 582 2640 iuridicialem
599 2606 636 2639 A
654 2613 826 2654 quoque
898 2602 951 2642 10
971 2598 1236 2654 accepimus
1254 2607 1384 2641 ABP
1454 2604 1506 2643 13
1527 2614 1631 2642 cum
1648 2600 1796 2643 AbP1:

106 2669 176 2698 om
192 2656 300 2698 ΒΡ2
393 2662 448 2699 14
479 2657 711 2712 placuerit
726 2658 893 2702 ABP1:
926 2658 1107 2714 placuit
1131 2658 1196 2701 Ρ2
1286 2663 1342 2701 20
1373 2659 1686 2702 iuridicialem
1711 2667 1802 2702 ΒΡ

197 2719 251 2758 22
285 2715 554 2759 existiment
576 2716 686 2759 ΒΡ2
777 2722 831 2760 25
857 2717 907 2759 in
937 2717 1181 2762 rhetoricis
1207 2732 1267 2760 an
1296 2718 1358 2760 sit
1381 2726 1443 2761 B:
1477 2719 1526 2760 in
1549 2719 1795 2762 rhetoricis

109 2773 252 2817 etiam
269 2774 336 2817 sic
353 2789 487 2818 omne
508 2775 685 2819 dividet
699 2776 887 2832 (dividit
903 2779 966 2833 P)
985 2777 1035 2819 in
1050 2777 1296 2820 veritatem
1314 2780 1362 2821 et
1377 2778 1583 2833 petenda
1603 2791 1654 2820 ac
1673 2778 1795 2834 fugi-

109 2833 243 2888 enda,
261 2834 386 2888 quod
403 2837 474 2878 est
490 2836 740 2889 suasoriae,
766 2838 813 2879 et
831 2836 888 2879 de
905 2836 1069 2880 eodem
1087 2838 1230 2890 atque
1248 2836 1355 2889 alio,
1372 2837 1620 2892 partiendo
1638 2839 1797 2880 tamen

109 2892 170 2934 ad
199 2892 316 2935 haec
347 2894 559 2949 pervenit
591 2907 651 2939 an
683 2895 745 2938 sit
774 2903 891 2937 AbP
1008 2900 1063 2937 28
1097 2896 1209 2953 quo]
1244 2896 1369 2951 quod
1401 2904 1429 2938 b
1462 2895 1648 2951 quando
1681 2904 1726 2938 P
