2007 3120
201 64 306 116 110
692 62 1067 116 QVINTILIANI
1095 61 1248 110 INST.
1278 61 1372 107 ΟΒ.

197 203 417 250 obiciunt
467 202 639 250 comici
689 202 860 249 docere
910 217 1034 260 eum,
1086 217 1181 262 quo
1231 200 1375 248 modo
1414 200 1631 261 peiorem
1669 217 1866 248 causam

196 277 450 324 meliorem
488 275 655 330 faciat,
696 277 744 321 et
783 277 952 321 contra
992 275 1163 321 Tisian
1195 276 1245 320 et
1277 272 1493 335 Gorgian
1525 274 1708 321 similia
1746 274 1869 322 dicit

143 352 174 396 4
197 350 421 410 polliceri
458 349 616 396 Plato.
657 351 707 395 et
744 348 820 395 his
862 348 1084 395 adiciunt
1116 347 1338 408 exempla
1371 345 1666 394 Graecorum
1689 347 1866 394 Roma-

198 438 468 483 norumque
508 425 557 468 et
595 424 895 480 enumerant,
935 422 1021 481 qui
1065 420 1341 482 perniciosa
1379 436 1476 466 non
1515 420 1720 482 singulis
1759 423 1867 466 tan-

198 499 319 555 tum,
358 495 443 542 sed
479 495 622 541 rebus
664 496 814 541 etiam
853 494 1064 555 publicis
1101 495 1180 540 usi
1231 494 1512 553 eloquentia
1558 494 1868 540 turbaverint

199 570 479 616 civitatium
503 571 661 615 status
687 568 765 614 vel
797 568 1075 627 everterint,
1107 582 1261 627 eoque
1292 568 1341 612 613
1371 566 1868 613 Lacedaemoniorum

200 642 400 689 civitate
442 642 710 701 expulsam,
750 643 799 687 et
836 640 1044 687 Athenis
1096 655 1303 700 quoque,
1352 639 1438 685 ubi
1493 642 1629 687 actor
1674 655 1869 686 movere

143 719 172 762 5
198 715 422 762 adfectus
460 714 734 774 vetabatur,
774 715 912 761 velut
949 715 1154 760 recisam
1195 712 1367 760 orandi
1412 714 1723 773 potestatem.
1772 729 1867 773 quo

200 788 398 848 quidem
437 787 581 835 modo
621 803 709 834 nec
749 787 896 834 duces
936 790 1080 834 erunt
1117 787 1263 833 utiles
1303 801 1392 832 nec
1429 786 1749 848 magistratus
1782 800 1870 833 nec

196 861 440 908 medicina
477 877 565 908 nec
605 861 812 921 denique
850 861 959 921 ipsa
997 860 1254 921 sapientia.
1309 875 1425 905 nam
1465 862 1512 906 et
1552 859 1647 905 dux
1685 859 1866 905 Flami-

196 936 308 982 nius
378 936 425 982 et
496 933 717 994 Gracchi,
787 933 1054 993 Saturnini,
1124 931 1356 980 Glauciae
1424 933 1758 994 magistratus,
1820 935 1869 979 et

197 1009 249 1054 in
287 1008 489 1054 medicis
529 1023 731 1067 venena,
779 1011 828 1053 et
866 1008 916 1054 in
966 1007 1057 1066 his,
1109 1006 1192 1067 qui
1230 1006 1633 1067 philosophorum
1672 1007 1868 1053 nomine

197 1082 325 1128 male
364 1084 584 1140 utuntur,
625 1082 916 1144 gravissima
955 1096 1323 1141 nonnumquam
1354 1079 1545 1142 flagitia
1569 1079 1869 1140 deprehensa

199 1157 329 1202 sunt.
410 1155 541 1202 cibos
612 1170 950 1214 aspernemur:
1021 1155 1296 1201 attulerunt
1359 1167 1503 1214 saepe
1571 1152 1868 1199 valetudinis

198 1243 395 1287 causas,
442 1243 710 1288 numquam
747 1231 879 1275 tecta
919 1228 1204 1275 subeamus:
1253 1241 1397 1286 super
1447 1226 1726 1273 habitantes
1783 1225 1869 1271 ali-

201 1301 394 1362 quando
432 1301 780 1362 procumbun’cg
821 1317 919 1348 non
958 1301 1225 1348 fabricetur
1263 1299 1413 1345 militi
1453 1299 1667 1360 gladius:
1706 1301 1871 1359 potest

198 1376 273 1421 uti
306 1375 475 1422 eodem
507 1376 635 1421 ferro
668 1376 809 1422 latro,
852 1377 959 1435 quis
992 1375 1146 1421 nescit
1177 1375 1314 1434 ignes
1348 1388 1515 1432 aquas,
1556 1372 1658 1419 sine
1692 1371 1869 1432 quibus

198 1449 335 1494 nulla
382 1450 448 1495 sit
486 1448 606 1508 vita,
653 1451 722 1507 et,
772 1464 832 1495 ne
870 1449 1075 1495 terrenis
1123 1448 1357 1496 inmorer.
1403 1445 1556 1492 solem
1601 1445 1868 1505 lunamque

199 1523 463 1582 praecipua
503 1521 713 1568 siderum
757 1521 1022 1582 aliquando
1064 1524 1113 1567 et
1150 1517 1354 1566 nocere‘?

152 1619 163 1642 a
309 1596 441 1641 Num
478 1597 633 1657 igitur
671 1595 932 1656 negabitur
971 1595 1237 1641 deformem
1276 1591 1450 1653 Pyrrhi
1484 1607 1652 1653 pacem
1700 1607 1868 1639 caecus

199 1668 282 1714 1116
338 1668 530 1728 Appius
579 1668 770 1715 dicendi
824 1669 1009 1715 viribus
1065 1665 1349 1714 diremisse?
1406 1669 1491 1713 aut
1551 1681 1647 1712 non
1703 1665 1871 1712 divina

199 1742 261 1788 M.
303 1743 435 1788 Tulli
475 1742 757 1803 eloquentia
796 1746 845 1789 et
885 1745 1054 1789 contra
1092 1742 1223 1803 leges
1252 1739 1472 1802 agrarias
1495 1739 1749 1799 popularis
1774 1739 1871 1785 fuit

199 1818 247 1861 613
290 1814 528 1862 Catilinae
568 1817 717 1877 fregit
755 1816 1010 1862 audaciam
1052 1816 1100 1861 et
1138 1813 1544 1874 supplicationes,
1594 1812 1677 1873 qui
1717 1811 1869 1859 maxi-

198 1905 306 1935 mus
346 1889 500 1936 honor
539 1889 808 1936 victoribus
848 1889 975 1936 bello
1015 1888 1217 1935 ducibus
1244 1887 1402 1946 datur,
1427 1889 1479 1932 111
1510 1889 1627 1947 toga
1658 1883 1869 1932 meruit?

146 1963 174 2006 S
199 1977 295 2008 non
335 1963 619 2023 perterritos
658 1963 872 2009 militum
913 1963 1101 2008 animos
1134 1962 1416 2020 frequenter
1449 1975 1477 2006 a
1508 1962 1640 2005 metu
1672 1961 1870 2005 revocat
1895 1996 1912 2007 .

200 2038 357 2082 oratio
410 2041 458 2082 et
503 2040 577 2083 tot
627 2036 877 2098 pugnandi
923 2035 1139 2096 pericula
1192 2033 1474 2080 ineuntibus
1521 2032 1720 2078 laudem
1766 2034 1870 2078 vita

199 2111 440 2169 potiorem
489 2125 591 2156 esse
637 2108 932 2170 persuadet?
987 2124 1143 2169 neque
1190 2123 1303 2155 vero
1359 2123 1434 2153 me
1495 2105 1871 2152 Lacedaemonii

201 2185 351 2243 atque
382 2182 703 2230 Athenienses
736 2183 892 2245 magis
924 2182 1167 2229 moverint
1200 2197 1346 2241 quam
1372 2179 1580 2240 populus
1606 2179 1869 2236 Romanus,

200 2256 333 2315 apud
373 2272 517 2316 quem
557 2272 747 2303 summa
787 2271 977 2317 semper
1016 2254 1289 2302 oratoribus
1330 2254 1544 2314 dignitas
1584 2252 1692 2298 fuit.
1733 2252 1868 2312 equi-

142 2331 172 2372 9
202 2329 309 2375 dem
349 2345 435 2376 nec
483 2329 680 2376 urbium
727 2329 1001 2376 conditores
1048 2344 1158 2375 reor
1211 2328 1356 2374 aliter
1411 2326 1665 2373 effecturos
1705 2325 1868 2384 fuisse,
1894 2343 1913 2374 3

200 2405 258 2449 ut
301 2418 424 2464 vaga
455 2403 543 2448 illa
582 2402 847 2449 multitudo
889 2404 1039 2449 coiret
1078 2402 1128 2448 in
1167 2401 1389 2462 populos,
1436 2399 1532 2446 nisi
1571 2399 1714 2446 docta
1753 2414 1868 2446 voce

322 2549 343 2586 1
370 2543 604 2643 {sistoph
640 2542 761 2585 Nub.
796 2546 864 2595 98,
884 2547 952 2595 91),
973 2546 1069 2594 112,
1098 2546 1194 2594 118,
1221 2544 1482 2583 889—1104
1521 2565 1577 2569 --
1618 2541 1641 2579 3
1674 2538 1868 2581 Phaedr.

199 2617 229 2657 p
264 2606 346 2644 267

319 2739 343 2776 6
377 2734 618 2777 civitatum
651 2741 694 2775 P
813 2738 863 2774 11
898 2732 1053 2789 glauci
1078 2746 1210 2788 egere
1234 2740 1271 2772 Α
1296 2730 1508 2787 glauciae
1541 2743 1672 2785 egere
1704 2731 1871 2784 Zumpt

322 2798 372 2835 17
407 2792 487 2847 qui
517 2793 624 2834 BP¹
775 2797 827 2834 19
861 2793 1003 2834 etiam
1034 2804 1196 2833 nocere
1229 2798 1273 2833 P
1418 2793 1472 2831 22
1505 2788 1565 2831 M.
1598 2802 1668 2832 om
1700 2797 1736 2829 Α

202 2857 255 2895 26
291 2851 458 2909 oratio]
493 2853 645 2894 orator
676 2849 738 2892 ΡΞ

1892 878 1936 910 10

1895 1243 1937 1275 15

1895 1609 1939 1642 20
