2012 3151
39 909 80 940 10

0 1279 77 1310 =15

32 1650 75 1681 20

758 82 832 126 Vi.
867 87 907 135 3,
940 87 1127 126 37-47,
1679 86 1783 138 337

107 225 228 271 mire
268 225 365 271 fuit
402 225 455 271 in
501 225 591 271 hoc
643 239 818 286 genere
869 225 1104 269 venustus
1155 223 1278 269 Afer
1326 223 1598 283 Domitius,
1646 226 1785 272 cuius

109 298 411 346 orationibus
468 298 746 358 complures
801 297 946 343 huius
1015 296 1150 342 modi
1210 296 1519 343 narrationes
1569 299 1785 344 insertae

105 373 436 433 reperiuntur,
487 372 570 419 sed
610 371 853 418 dictorum
892 385 1085 430 quoque
1126 369 1186 416 ab
1228 370 1398 416 eodem
1437 370 1621 418 urbane
1672 375 1787 418 sunt

107 445 228 492 editi
266 445 394 493 libri.
441 444 565 492 illud
606 460 799 506 quoque
851 459 1003 507 genus
1052 446 1125 490 est
1170 444 1391 504 positum
1437 460 1534 491 non
1587 446 1641 491 in
1693 446 1785 492 hac
1811 444 1876 489 43

106 520 262 566 veluti
299 519 601 567 iaculatione
643 519 885 566 dictorum
926 519 974 565 et
1012 518 1202 565 inclusa
1242 517 1456 565 breviter
1487 518 1786 579 urbanitate,

106 593 190 640 sed
228 593 280 640 in
321 593 532 654 quodam
572 594 793 655 longiore
834 595 960 650 actu,
1017 591 1146 652 quod
1186 591 1244 638 de
1290 591 1344 638 L.
1394 591 1567 640 Crasso
1616 596 1786 640 contra

106 668 317 714 Brutum
359 666 526 714 Cicero
566 667 615 713 in
656 666 868 713 secundo
909 666 966 712 de
1008 663 1216 712 Oratore
1256 665 1382 713 libro
1431 670 1480 713 et
1525 667 1637 713 aliis
1679 669 1785 727 qui-

105 741 312 788 busdam
351 741 471 789 locis
511 744 695 788 narrat.
736 756 850 786 nam
883 755 993 786 cum
1033 740 1215 787 Brutus
1254 741 1306 786 in
1348 741 1659 788 accusatione
1702 740 1785 788 Cn.
1811 739 1875 784 44

104 815 277 863 Planci
329 815 554 862 excitatis
606 814 794 861 duobus
854 813 1118 861 lectoribus
1175 813 1482 873 ostendisset,
1538 816 1787 862 contraria

105 888 158 935 L.
201 888 432 936 Crassum
471 892 738 950 patronum
779 889 884 934 eius
924 890 975 934 in
1016 889 1252 947 oratione,
1305 904 1454 949 quam
1494 888 1552 935 de
1593 889 1786 936 colonia

106 963 417 1010 Narbonensi
455 962 710 1022 habuerat,
757 962 967 1009 suasisse
1014 961 1097 1020 iis,
1147 977 1270 1022 quae
1319 962 1377 1008 de
1425 963 1533 1023 lege
1575 961 1786 1010 Servilia

105 1037 297 1096 dixerit,
337 1039 427 1084 tris
468 1038 703 1083 excitavit
750 1038 799 1083 et
847 1037 953 1096 ipse
1001 1036 1222 1095 lectores,
1269 1035 1428 1097 iisque
1474 1038 1632 1098 patris
1681 1038 1783 1085 eius

104 1110 326 1173 dialogos
367 1110 502 1157 dedit
541 1109 794 1173 legendos:
836 1125 1042 1170 quorum
1083 1125 1195 1157 cum
1233 1111 1285 1155 in
1325 1109 1604 1157 Privernati
1643 1126 1784 1171 unus,

105 1185 231 1231 alter
279 1185 330 1231 in
382 1185 592 1243 Albano,
647 1186 823 1231 tertius
878 1186 929 1230 in
981 1184 1179 1230 Tiburti
1233 1199 1506 1231 sermonem
1559 1184 1786 1231 habitum

103 1259 522 1320 complecteretur,
575 1258 873 1319 requirebat,
935 1258 1018 1304 ubi
1071 1261 1231 1304 essent
1283 1273 1366 1304 eae
1418 1258 1785 1319 possessiones?

103 1334 261 1381 omnis
318 1336 484 1380 autem
537 1333 649 1380 illas
705 1332 889 1379 Brutus
945 1332 1258 1390 vendiderat,
1310 1335 1358 1378 et
1411 1336 1521 1380 tum
1575 1337 1784 1394 paterna

102 1423 426 1468 emancupare
466 1407 669 1468 praedia
707 1407 901 1468 turpius
934 1406 1222 1454 habebatur.
1265 1407 1441 1454 similis
1473 1409 1526 1453 in
1560 1408 1782 1471 apologis

103 1497 294 1542 quoque
343 1484 389 1528 et
440 1481 732 1542 quibusdam
778 1482 978 1528 interim
1029 1481 1180 1527 etiam
1233 1481 1453 1528 historiis
1509 1482 1785 1543 exponendi

100 1557 263 1617 gratia
303 1555 533 1617 consequi
572 1556 708 1603 solet.

211 1629 307 1676 Sed
347 1630 538 1677 acutior
578 1632 652 1676 est
689 1629 778 1675 illa
819 1631 968 1690 atque
1008 1629 1224 1676 velocior
1260 1631 1313 1676 in
1352 1629 1637 1678 urbanitate
1676 1629 1783 1677 bre-
1809 1628 1872 1672 45

99 1704 243 1751 vitas.
296 1704 431 1751 cuius
473 1704 673 1765 quidem
714 1704 893 1764 duplex
932 1704 1093 1751 forma
1134 1708 1206 1750 est
1246 1703 1441 1750 dicendi
1488 1719 1545 1750 ac
1583 1720 1782 1765 respon-

100 1778 260 1837 dendi,
301 1778 385 1826 sed
423 1779 552 1826 ratio
595 1779 866 1825 communis
904 1779 958 1824 in
996 1781 1159 1838 parte3
1201 1778 1325 1824 nihil
1366 1779 1510 1836 enim,
1560 1779 1690 1839 quod
1729 1779 1781 1825 in

98 1852 380 1900 lacessendo
436 1852 531 1899 dici
587 1855 764 1914 potest,
818 1868 917 1899 non
973 1851 1124 1899 etiam
1176 1853 1229 1898 in
1282 1853 1674 1913 repercutiendo:
1731 1856 1783 1900 at
1808 1850 1872 1895 46

102 1926 342 1987 quaedam
393 1926 592 1988 propria
645 1929 759 1973 sunt
805 1926 1231 1987 respondentium:
1293 1926 1382 1973 illa
1431 1928 1581 1974 etiam
1630 1930 1780 1988 atque

57 2019 70 2028 ’
101 2001 253 2048 etiam
293 2002 512 2064 cogitata
565 2000 750 2047 adferri
800 2000 974 2058 solent,
1026 2000 1142 2047 haec
1197 2001 1487 2061 plerumque
1533 2002 1586 2047 in
1634 2002 1782 2048 alter-

101 2075 293 2122 catione
341 2078 428 2121 aut
472 2077 523 2121 in
578 2074 811 2137 rogandis
866 2074 1076 2122 testibus
1131 2074 1460 2135 reperiuntur.
1517 2091 1626 2121 cum
1682 2077 1782 2123 sint

99 2151 266 2196 autem
305 2149 404 2196 loci
441 2149 623 2210 plures,
663 2165 720 2196 ex
760 2149 940 2209 quibus
981 2148 1113 2195 dicta
1151 2149 1362 2196 ridicula
1402 2149 1657 2209 ducantur,
1706 2166 1779 2197 re-

98 2223 365 2284 petendum
412 2225 484 2270 est
525 2224 668 2283 mihi,
714 2238 811 2269 non
853 2225 1010 2270 omnis
1052 2238 1133 2269 eos
1181 2223 1456 2270 oratoribus
1507 2225 1780 2284 convenire,

98 2297 149 2343 in
202 2297 374 2358 primis
444 2312 501 2343 ex
564 2296 881 2359 amphibolia,
949 2312 1107 2358 neque
1169 2298 1258 2344 illa
1321 2297 1584 2358 obscaena,
1655 2314 1780 2359 quae
1807 2294 1868 2340 47

219 2458 241 2496 7
276 2468 299 2496 o
332 2458 402 2507 55,
436 2458 520 2496 223

217 2607 241 2644 6
275 2602 322 2644 L.
357 2601 520 2645 Crasso
553 2610 610 2646 A:
645 2601 807 2645 Crasso
839 2603 921 2646 rell
1043 2606 1067 2644 9
1102 2603 1318 2645 excitatis
1352 2604 1587 2646 Pithoeus:
1622 2616 1678 2645 ex

101 2666 153 2704 12
187 2661 367 2705 dixerat
392 2663 564 2719 Reyius
685 2667 737 2704 22
765 2664 896 2717 parte
920 2676 1044 2705 mmo
1062 2670 1106 2703 P
1128 2677 1228 2706 ras:
1251 2665 1434 2718 partem
1499 2697 1503 2701 .
1556 2667 1611 2704 24
1637 2662 1779 2704 etiam

96 2721 258 2776 itaque
290 2720 514 2764 concitati
529 2729 662 2763 ΛΕΜ
691 2721 834 2764 etiam
857 2720 928 2763 ira
953 2721 1175 2764 concitati
1200 2729 1284 2763 ΡΓ
1302 2722 1445 2764 etiam
1471 2722 1612 2775 atque
1638 2721 1780 2764 etiam

97 2779 315 2823 meditati
328 2780 568 2837 Spalding,
585 2795 684 2824 cum
703 2781 900 2824 Bechero
910 2782 1117 2836 praetuli
1132 2781 1341 2838 cogitata
1433 2785 1487 2823 25
1507 2780 1681 2822 adferri
1697 2781 1776 2823 ⁴1¹:

98 2839 262 2883 afferre
293 2840 375 2883 *rell
511 2845 564 2882 26
595 2841 892 2895 reperiuntur
923 2840 1171 2897 Spalding:
1208 2840 1526 2895 requiriuntur
1557 2848 1594 2881 A
1624 2840 1777 2894 requi-

96 2901 264 2941 runtur
299 2906 467 2940 GPVM
495 2900 671 2954 (-antur
706 2898 807 2952 Gn)
931 2904 984 2941 29
1019 2898 1219 2943 obscena
1256 2900 1448 2953 Teuffel:
1479 2899 1676 2941 obscura

187 2981 497 3021 vanmxxvs,
523 2982 578 3012 ed.
604 2981 961 3013 Radermacher.
985 2982 1015 3012 Ι.
1457 2977 1510 3014 22
