2055 3130
246 56 349 107 136
764 55 1138 108 QVINTILIANI
1167 55 1314 100 INST.
1350 55 1440 100 OR..

244 194 423 242 adiecit
453 193 879 257 προσομιλητικήν,
905 210 1052 255 quam
1084 209 1198 242 sane
1223 197 1563 255 permittamus
1588 194 1728 242 nobis
1753 195 1909 243 dicere

245 269 709 315 sermocinatriccm:
750 283 873 328 quae
907 284 935 315 a
967 268 1148 315 forensi
1184 269 1376 315 ratione
1416 268 1713 331 disiungitur
1751 270 1800 315 et
1838 271 1911 316 est

246 340 613 388 accommodata
661 340 871 400 privatis
925 340 1353 400 disputationibus,
1415 342 1549 389 cuius
1611 343 1684 389 vis
1742 342 1911 388 eadem

158 413 215 457 11
243 415 462 475 profecto
503 416 588 473 est,
640 429 765 474 quae
812 413 1110 460 dialecticae.
1160 413 1398 461 Isocrates
1447 416 1498 460 in
1553 415 1685 461 omni
1738 430 1910 476 genere

243 488 401 534 inesse
440 486 632 534 laudem
675 501 730 534 ac
768 489 1180 547 vituperationem
1220 489 1532 535 existimavit.

159 558 219 602 12
355 560 506 607 Nobis
548 563 596 606 et
640 561 944 606 tutissimum
991 562 1063 608 est
1117 563 1337 608 auctores
1387 561 1624 621 plurimos
1680 561 1817 621 sequi
1867 563 1914 608 et

244 634 316 680 ita
355 633 550 680 videtur
588 634 716 679 ratio
757 633 954 680 dictare.
996 635 1070 680 est
1106 634 1275 696 igitur,
1314 636 1370 680 ut
1410 633 1524 693 dixi,
1562 650 1716 680 unum
1748 649 1913 695 genus,

247 722 340 767 quo
381 707 488 753 laus
529 721 586 754 ac
624 706 922 766 vituperatio
963 706 1253 765 continetur,
1301 706 1383 753 sed
1431 711 1503 754 est
1543 707 1846 768 appellatum
1887 721 1915 753 a

244 783 384 841 parte
422 780 623 826 meliore
662 779 1064 826 laudativum:
1104 779 1234 826 idem
1258 779 1346 825 alii
1377 779 1916 827 demonstrativum

246 856 435 900 vocant.
477 855 740 913 utrumque
780 868 954 899 nomen
995 869 1050 900 cx
1085 851 1266 900 Graeco
1299 853 1513 900 creditur
1543 853 1759 913 fluxisse3
1798 869 1914 900 nam

160 924 220 967 13
246 923 622 989 ἐγκωμιαστικόν
656 930 740 972 aut
765 923 1082 974 ἐπιδεικτικόν
1114 926 1294 973 dicunt.
1335 926 1419 973 sed
1449 926 1573 973 mihi
1597 924 1914 975 ἐπιδεικτικόν

245 1015 342 1046 11011
382 1002 483 1046 tam
525 999 953 1047 demonstrationis
1002 1000 1104 1047 vim
1149 999 1327 1046 habere
1380 1016 1527 1061 qnam
1573 1000 1915 1048 ostentationis

246 1073 442 1120 videtur
481 1075 529 1119 et
567 1073 778 1120 multum
818 1073 877 1120 ab
916 1073 1003 1120 illo
1043 1071 1399 1139 ἐγκωμιαστικῷ
1440 1073 1653 1136 differre3
1700 1089 1815 1120 nam
1859 1075 1916 1119 ut

247 1148 463 1193 continet
501 1146 815 1193 laudativum
852 1147 902 1192 in
943 1162 992 1193 se
1032 1162 1198 1208 genus,
1237 1147 1307 1193 ita
1346 1162 1442 1193 non
1482 1148 1613 1194 intra
1644 1147 1735 1193 hoc
1759 1146 1916 1193 solum

160 1215 221 1260 14
247 1221 482 1267 consistit.
525 1235 586 1265 an
628 1221 886 1280 quisquam
925 1220 1179 1282 negaverit
1217 1221 1538 1283 panegyricos
1570 1218 1916 1276 ἐπιδεικτικούς

247 1291 386 1340 esse?
449 1294 589 1354 atqui
639 1293 848 1340 formam
899 1293 1133 1340 suadendi
1182 1293 1364 1340 habent
1427 1297 1473 1340 et
1523 1293 1807 1354 plerumque
1859 1293 1916 1340 de

246 1366 546 1413 utilitatibus
582 1364 813 1413 Graeciae
839 1367 1131 1428 loquuntur:
1157 1370 1213 1413 ut
1238 1382 1495 1413 causarum
1519 1367 1716 1428 quidem
1740 1381 1918 1429 genera

245 1441 344 1487 tria
383 1442 495 1498 sint,
535 1440 618 1486 sed
660 1455 716 1486 ea
754 1443 860 1486 tum
899 1441 950 1486 in
989 1441 1214 1502 negotiis,
1252 1444 1359 1486 tum
1397 1441 1448 1486 in
1475 1441 1800 1487 ostentatione
1832 1455 1916 1501 po·

248 1514 357 1560 sita.
397 1513 492 1559 nisi
531 1514 656 1560 forte
695 1529 793 1560 non
846 1529 902 1560 ex
954 1511 1136 1561 Graeco
1182 1516 1430 1560 mutantes
1478 1514 1918 1561 demonstrativum

248 1589 445 1646 vocant,
499 1603 669 1633 verum
723 1585 774 1632 id
825 1590 1120 1647 sequuntur,
1173 1587 1302 1648 quod
1353 1588 1459 1634 laus
1511 1602 1566 1633 ac
1616 1587 1916 1647 vituperatio

162 1657 221 1701 15
248 1661 392 1721 quale
432 1662 496 1708 sit
536 1660 751 1720 quidque
791 1659 1104 1707 demonstrat.
1169 1661 1376 1707 alterum
1417 1663 1491 1707 est
1530 1660 1918 1717 deliberativum,

247 1735 448 1780 tertium
504 1733 745 1780 iudiciale.
799 1737 986 1780 ceterae
1042 1736 1224 1795 species
1274 1736 1326 1780 in
1380 1735 1499 1781 haec
1552 1735 1651 1781 tria
1702 1733 1919 1781 incident

249 1822 451 1870 genera:
507 1822 595 1853 nec
635 1807 913 1854 invenietur
952 1823 1007 1854 ex
1046 1808 1122 1854 his
1161 1807 1279 1866 ulla,
1327 1807 1377 1854 in
1429 1823 1525 1868 qua
1571 1824 1668 1855 non
1718 1806 1919 1854 laudare

250 1883 336 1927 aut
374 1881 668 1940 vituperare,
709 1881 909 1928 suadere
950 1883 1036 1928 aut
1075 1881 1370 1940 dissuadere,
1408 1880 1659 1928 intendere
1693 1879 1810 1941 quid
1842 1880 1920 1926 vel

250 1954 488 2014 depellere
522 1954 793 2001 debeamus.
834 1954 924 2000 illa
957 1970 1149 2016 quoque
1182 1957 1295 2001 sunt
1327 1956 1618 2014 communia,
1644 1953 1916 2013 conciliare,

250 2042 465 2086 narrare,
498 2028 683 2086 docere,
710 2043 903 2089 augere,
928 2030 1160 2086 minuere,
1187 2028 1488 2075 concitandis
1515 2027 1917 2088 componendisve

164 2095 226 2139 16
252 2100 524 2147 adfectibus
567 2102 753 2148 animos
795 2101 1102 2148 audientium
1132 2101 1325 2164 fingere.
1366 2117 1426 2147 116
1450 2101 1509 2148 iis
1536 2100 1732 2161 quidem
1762 2115 1920 2148 acces-

252 2176 411 2233 serim,
451 2176 536 2235 qui
560 2174 866 2220 laudativam
897 2177 1154 2221 materiam
1187 2175 1514 2234 honestorum,
1548 2174 1919 2221 deliberativam

252 2248 462 2306 utilium,
501 2247 782 2294 iudicialem
821 2249 1060 2294 iustorum
1103 2250 1389 2308 quaestione
1443 2248 1680 2295 contineri
1727 2250 1919 2308 putant,

252 2322 397 2368 celeri
420 2321 576 2383 magis
609 2336 665 2368 ac
695 2321 910 2368 rotunda
942 2322 1016 2368 usi
1050 2321 1394 2368 distributione
1428 2337 1577 2381 quam
1608 2337 1736 2368 vera.
1785 2323 1919 2368 stant

252 2396 380 2441 enim
429 2394 641 2455 quodam
692 2394 835 2441 modo
887 2394 1070 2442 mutuis
1123 2394 1315 2441 auxiliis
1369 2396 1554 2455 omnia,
1609 2410 1723 2441 nam
1770 2398 1818 2441 et
1870 2395 1920 2440 in

250 2467 395 2515 laude
434 2469 627 2515 iustitia
665 2468 954 2528 utilitasque
992 2470 1235 2515 tractatur
1275 2471 1322 2515 et
1354 2469 1404 2514 in
1437 2468 1653 2516 consiliis
1677 2468 1921 2526 honestas,

371 2612 396 2649 4
429 2607 514 2663 frg.
550 2612 573 2650 3
609 2607 651 2650 S.

373 2730 396 2767 5
429 2725 598 2782 inesse]
633 2739 729 2768 esse
762 2733 799 2766 Α
903 2730 927 2768 6
959 2725 1202 2782 plurimos]
1235 2724 1391 2780 plures
1424 2733 1468 2767 P
1568 2729 1620 2768 19
1652 2725 1920 2767 mutuantes

253 2784 455 2899 {inlffgcrzz'c'zj
485 2790 708 2841 repuynat
755 2784 918 2827 Seneca
959 2784 1048 2839 Ep.
1084 2787 1157 2838 58,
1210 2788 1233 2826 7
1427 2788 1481 2826 32
1525 2785 1784 2827 tractantur
1828 2795 1922 2827 rece

1945 870 1982 900 10

1944 1235 1983 1268 15

1944 1603 1986 1634 20

1945 1970 1985 2002 25

1944 2337 1986 2369 30
