2055 3130
743 73 819 116 IV.
854 77 894 128 2,
930 77 1175 117 103—114.
1695 76 1802 126 219

115 229 228 261 cum
266 230 341 261 res
382 216 565 274 poscet,
606 213 940 260 defensionem
981 216 1030 259 et
1061 214 1303 259 rationem
1335 214 1601 273 factorum3
1642 230 1798 274 neque
1827 216 1922 259 109

116 290 247 335 enim
286 287 590 334 narrandum
622 290 694 334 est
724 290 982 346 tamquam
1005 287 1138 346 testi,
1180 286 1264 333 sed
1295 289 1551 348 tamquam
1575 290 1801 348 patrono.

114 364 188 409 rei
227 362 344 409 ordo
384 377 472 422 pei·
512 377 560 407 se
611 361 726 407 talis
776 363 869 406 est:
927 356 1001 415 ‘Q
1050 359 1281 422 Ligarius
1335 361 1528 422 legatus
1580 360 1627 407 C.
1680 360 1801 408 Con-

115 435 240 482 sidio
280 429 562 496 profectus'.
611 434 732 495 quid
772 449 886 496 ergo
927 434 991 480 M.
1033 434 1251 482 Tullius?
1301 430 1373 489 ‘Q
1416 431 1582 494 enim’,
1622 437 1801 496 inquit,

68 525 89 556 5
118 505 386 571 eLigarius,
442 524 554 555 cum
617 510 743 554 esset
804 508 945 554 nulla
1013 507 1132 554 belli
1194 509 1430 568 suspicio,
1491 509 1686 570 legatus
1748 510 1800 555 in

113 583 335 628 Africam
377 581 426 629 C.
470 580 700 628 Considio
740 582 988 642 profectus
1038 577 1152 629 est':
1204 585 1251 628 et
1299 583 1440 629 alibi:
1490 577 1608 629 ‘non
1653 583 1798 630 modo
1826 583 1923 627 110

111 652 376 718 (nullum)
416 655 480 701 ad
517 655 720 714 bellum,
768 655 852 702 sed
898 671 957 702 ne
1007 656 1068 702 ad
1107 657 1364 702 minimam
1408 656 1606 717 quidem
1645 657 1800 718 suspi-

111 731 304 776 cionem
345 725 496 778 belli’.
550 732 597 776 et
638 745 749 776 c-um
789 733 915 776 esset
953 729 1234 776 indicaturo
1283 731 1404 777 sat-is
1455 727 1527 785 Ὁ.
1568 730 1800 793 Ligarius

110 804 251 850 nullo
305 819 353 849 se
400 803 647 864 implicari
697 804 896 865 negotio
952 819 1124 864 passus
1181 801 1288 863 est’,
1347 804 1527 851 adiecit
1584 801 1802 852 ‘domum

42 894 87 925 10
113 880 355 938 spectans,
396 877 459 924 ad
499 892 608 924 suos
649 877 807 924 redire
849 874 1086 938 cupiens'.
1135 879 1209 924 ita
1249 878 1380 939 quod
1429 879 1705 939 exponebat
1753 882 1803 926 et

110 953 304 998 ratione
352 951 468 998 fecit
511 951 741 998 credibile
782 954 831 998 et
872 951 1068 998 adfectu
1109 968 1303 1012 quoque
1343 953 1568 1013 inplevit.

223 1024 328 1080 Quo
367 1025 525 1088 magis
558 1027 710 1072 miror
742 1041 836 1083 eos,
877 1027 966 1086 qui
995 1042 1095 1072 non
1125 1028 1309 1086 putant
1339 1027 1580 1073 utendum
1611 1029 1664 1074 in
1688 1044 1798 1073 nar·
1825 1026 1920 1070 111

108 1099 300 1146 ratione
343 1099 631 1146 adfectibus.
673 1101 761 1160 qui
800 1101 842 1146 si
880 1099 972 1147 hoc
1006 1100 1177 1146 dicunt
1211 1096 1327 1147 ‘non
1361 1101 1446 1147 diu
1479 1117 1635 1162 neque
1668 1101 1800 1148 utin

110 1168 342 1236 epilogo',
381 1188 572 1220 mecum
620 1174 860 1220 sentiunt:
917 1173 1222 1237 effugiendae
1278 1177 1393 1222 sunt
1441 1175 1571 1221 enim
1619 1191 1800 1223 morae.

41 1263 85 1294 15
112 1250 328 1294 ceterum
353 1263 438 1294 cur
464 1263 552 1310 ego
586 1248 800 1294 iudicem
831 1248 1000 1308 nolim,
1036 1247 1151 1294 dum
1184 1248 1348 1307 doceo,
1383 1250 1534 1296 etiam
1565 1248 1801 1297 movere?

110 1336 198 1368 cur
260 1321 391 1382 quod
446 1323 498 1367 in
560 1337 752 1368 summa
815 1337 925 1368 sum
989 1323 1195 1370 actionis
1249 1324 1513 1383 petiturus,
1577 1340 1676 1371 non
1744 1326 1798 1370 in
1824 1323 1919 1366 112

108 1397 270 1456 primo
311 1396 484 1442 statim
522 1412 686 1442 rerum
730 1397 977 1458 ingressu,
1026 1396 1067 1443 si
1114 1395 1220 1443 fieri
1267 1399 1446 1457 potest,
1495 1397 1799 1459 consequar?

111 1484 221 1515 cum
282 1471 573 1530 praesertim
636 1470 781 1516 etiam
840 1472 892 1516 in
942 1470 1318 1531 probationibus
1371 1472 1645 1518 faciliorem
1707 1474 1800 1519 sim

111 1545 331 1589 animum
371 1545 474 1591 eius
513 1543 774 1591 habiturus
817 1548 1113 1605 occupatum
1151 1546 1232 1591 vel
1262 1547 1338 1591 ira
1364 1546 1443 1592 vel
1467 1547 1800 1594 miseratione.

39 1634 84 1665 20
111 1633 173 1663 an
226 1633 325 1664 non
383 1618 446 1664 M.
504 1618 698 1664 Tullius
754 1618 883 1665 circa
937 1618 1142 1664 verbera
1198 1620 1318 1667 civis
1372 1619 1586 1667 Romani
1637 1621 1796 1668 omnis
1823 1620 1920 1663 113

107 1691 396 1738 brevissime
436 1694 594 1739 movit
647 1691 882 1751 adfectus,
937 1709 1036 1739 non
1084 1693 1246 1740 solum
1294 1694 1577 1741 condicione
1625 1696 1798 1756 ipsius,

107 1766 215 1812 loco
256 1766 484 1825 iniuriae,
525 1782 701 1828 genere
740 1766 1020 1826 verberum,
1076 1767 1160 1814 sed
1208 1767 1362 1814 animi
1417 1783 1612 1830 quoque
1670 1785 1798 1817 com-

107 1838 456 1887 menda-‘cione‘.>
520 1855 767 1886 summum
829 1843 960 1887 enim
1013 1841 1178 1887 virum
1225 1842 1462 1901 ostendit,
1519 1845 1632 1903 qui,
1689 1858 1799 1890 cum

107 1914 263 1976 virgis
305 1914 602 1972 caederetur,
642 1931 741 1962 non
780 1917 1091 1978 ingemuerit,
1130 1932 1228 1962 non
1268 1917 1533 1978 rogaverit,
1574 1918 1658 1964 sed
1688 1920 1797 1964 tan·

39 2003 83 2035 25
108 1991 214 2034 tum
257 1988 412 2035 civem
459 2004 508 2035 se
548 1989 827 2035 Romanum
875 2005 978 2036 esse
1035 2005 1148 2036 cum
1201 1990 1392 2037 invidia
1448 1991 1695 2039 caedentis
1750 1995 1799 2039 et

107 2061 287 2109 fiducia
333 2062 454 2109 iuris
508 2063 809 2110 clamaverit.
868 2062 1020 2124 quid‘?
1075 2064 1358 2111 Philodami
1413 2080 1580 2111 casum
1634 2082 1795 2114 nonne
1824 2064 1920 2110 114

110 2151 224 2182 cum
285 2153 373 2197 per
426 2140 586 2184 totam
649 2138 1004 2198 expositionem
1066 2139 1287 2185 incendit
1340 2139 1531 2186 invidia
1585 2143 1691 2186 tum
1747 2142 1799 2187 in

109 2210 354 2271 supplicio
409 2212 518 2271 ipso
574 2212 791 2259 lacrimis
845 2212 1077 2272 inplevit,
1160 2228 1271 2260 cum
1324 2213 1486 2261 flentis
1541 2230 1639 2261 non
1693 2218 1798 2261 tam

108 2287 334 2330 narraret
375 2300 524 2345 quam
564 2286 842 2332 ostenderet
898 2282 1110 2346 ‘patrem
1165 2286 1223 2333 de
1274 2292 1432 2334 morte
1480 2287 1592 2347 filii,
1640 2288 1800 2335 filium

39 2373 84 2405 30
110 2358 168 2404 de
207 2355 417 2419 patris?
463 2359 580 2420 quid
619 2359 710 2406 ulli
744 2360 926 2423 epilogi
958 2363 1165 2421 possunt
1195 2361 1354 2423 magis
1386 2361 1565 2409 habere
1598 2365 1800 2410 misera-

227 2529 484 2581 4ib.1,2
527 2556 581 2561 —
624 2529 878 2583 eib.2,4
924 2557 978 2561 —
1024 2535 1107 2574 80
1149 2536 1247 2585 1,3
1293 2559 1347 2563 —
1401 2532 1798 2587 20Ven·.5,6·2.

112 2592 195 2630 162
231 2615 286 2620 -
320 2593 374 2631 26
407 2588 535 2632 Verr.
571 2594 610 2642 1,
645 2594 700 2632 30

231 2768 255 2806 3
289 2770 330 2808 et
353 2770 378 2807 6
404 2779 508 2808 cum
526 2765 571 2808 C.
592 2764 808 2809 Considio
835 2774 879 2807 P
900 2767 985 2809 edd
1007 2767 1094 2811 Cic.
1114 2767 1228 2811 codd
1245 2769 1272 2824 β
1363 2775 1386 2812 6
1407 2772 1475 2812 est·
1501 2785 1571 2814 om
1598 2772 1653 2814 Vt
1666 2786 1698 2826 p
1712 2775 1797 2814 425

114 2825 117 2878 ξ
149 2825 197 2866 et
219 2838 290 2867 om
313 2831 403 2866 BP
522 2830 543 2867 7
577 2825 759 2867 nullum
784 2840 854 2868 om
877 2833 962 2867 AB
991 2826 1049 2868 Vt
1072 2828 1124 2882 cf
1138 2826 1202 2869 IV
1227 2833 1267 2880 2,
1287 2833 1340 2870 51
1466 2835 1519 2872 11
1548 2830 1737 2872 adfectu
1760 2839 1796 2872 A

119 2884 196 2928 Vt:
229 2883 439 2926 adfectus
472 2891 560 2926 BP
680 2890 733 2927 15
764 2884 939 2928 moveri
969 2892 1058 2927 BP
1177 2891 1230 2929 16
1266 2902 1444 2931 summa
1476 2891 1610 2944 pai-te
1641 2898 1679 2931 A
