2012 3151
199 75 308 127 354
715 73 1090 126 QVINTILIANI
1119 73 1183 116 [N
1186 73 1267 117 ST.
1302 73 1394 116 ΟΒ.

195 213 465 261 incursioni
495 213 654 260 factae
693 211 1014 260 simillimum.
1053 213 1105 259 id
1144 215 1310 259 autem
1347 213 1454 258 tum
1476 212 1753 260 faciendum
1778 216 1866 272 est,

197 303 306 334 cum
345 289 420 333 est
452 285 653 347 aliquid,
693 287 771 333 0111
801 285 1086 346 responderi
1115 301 1213 332 non
1246 286 1416 332 statim
1445 284 1613 345 possit,
1651 288 1867 346 potuerit

196 364 374 418 autem,
415 361 456 406 si
494 362 687 420 tempus
728 359 790 406 ad
829 359 1184 418 disponendum
1216 359 1403 404 fuisset.
1442 374 1558 404 nam
1591 359 1721 419 quod
1751 358 1867 406 fide-

195 434 309 480 liter
347 432 541 479 firmum
582 435 668 490 est,
709 448 738 478 a
775 433 946 492 primis
980 433 1149 479 statim
1182 431 1454 478 actionibus
1494 431 1708 492 arripere
1741 434 1866 493 opti·

108 508 169 552 15
195 522 330 553 mum
369 508 457 564 est,
496 520 592 565 quo
632 505 826 566 saepius
867 505 1149 566 diutiusque
1181 505 1385 552 dicatur.
1424 505 1550 551 illud
1580 507 1662 551 vix
1692 506 1867 552 saltem
1913 523 1932 555 5

196 579 596 640 praecipiendum
633 578 850 638 Videtur,
904 594 963 625 ne
1009 578 1234 625 turbidus
1286 581 1335 625 et
1386 578 1624 625 clamosus
1670 581 1868 625 tantum

196 655 260 701 sit
299 653 577 711 altercator,
618 655 667 698 et
706 652 874 712 quales
915 652 1059 698 facile
1097 655 1225 710 sunt,
1273 651 1358 712 qui
1396 650 1589 698 litteras
1628 653 1864 698 nesciunt.

196 741 309 773 nam
348 724 638 786 inprobitas,
685 725 801 771 licet
841 725 1120 772 adversario
1160 725 1368 772 molesta
1407 725 1486 783 sit,
1525 724 1677 772 iudici
1707 726 1869 772 invisa

197 802 282 846 est.
322 802 464 845 nocet
503 798 652 845 etiam
691 797 775 844 diu
820 814 1040 860 pugnare
1086 801 1138 845 in
1185 798 1267 857 iis,
1320 813 1445 858 quae
1497 800 1717 858 optinere
1769 814 1868 845 non

109 874 170 917 16
196 872 368 933 possis.
407 887 522 918 nam
561 871 646 918 ubi
685 873 817 918 vinci
867 887 1058 919 necesse
1108 874 1202 931 est,
1250 871 1447 933 expedit
1493 871 1681 930 cedere,
1736 873 1868 932 quia,
1893 889 1934 920 10

197 948 297 993 sive
335 946 479 1006 plura
518 948 646 1003 sunt,
694 945 751 991 de
792 945 968 1005 quibus
1010 947 1280 1006 quaeritur,
1332 945 1526 992 facilior
1572 947 1665 992 erit
1704 946 1755 992 in
1793 960 1867 992 ce-

195 1019 312 1066 teris
352 1018 484 1077 fides,
525 1020 626 1066 sive
666 1035 832 1078 unum,
878 1019 1048 1067 mitior
1095 1019 1219 1066 solet
1264 1034 1423 1079 poena
1468 1020 1689 1080 inrogari
1734 1034 1868 1066 vere-

197 1092 416 1139 cundiae.
457 1107 572 1138 nam
612 1092 821 1153 culpam,
868 1094 1155 1152 praesertim
1196 1091 1505 1152 deprensam,
1551 1093 1870 1152 pertinaciter

196 1168 325 1213 tueri
365 1166 508 1227 culpa
549 1166 705 1212 altera
744 1168 829 1212 est.

111 1241 167 1284 17
307 1239 437 1286 Dum
477 1241 578 1286 stat
617 1241 759 1298 acies,
798 1240 944 1285 multi
983 1234 1058 1302 [in
1097 1234 1172 1302 re]
1213 1240 1408 1286 consilii
1446 1241 1596 1299 atque
1629 1240 1750 1285 artis
1782 1242 1868 1296 est,
1894 1255 1935 1287 15

196 1317 251 1360 ut
291 1315 533 1360 errantem
582 1312 918 1359 adversarium
965 1313 1134 1359 trahas
1182 1315 1230 1359 et
1274 1314 1346 1359 ire
1392 1327 1540 1373 quam
1585 1311 1868 1374 longissime

198 1401 358 1450 cogas,
405 1390 462 1432 ut
502 1402 629 1433 vana
667 1387 866 1432 interim
906 1401 989 1447 spe
1030 1387 1252 1434 exsultet.
1299 1386 1408 1432 ideo
1463 1385 1704 1446 quaedam
1748 1385 1868 1432 bene

197 1460 570 1507 dissimulantur
608 1461 956 1518 instrumenta3
1010 1461 1200 1507 instant
1239 1460 1366 1506 enim
1415 1462 1465 1506 et
1510 1474 1654 1520 saepe
1702 1459 1869 1506 discri-

197 1550 308 1580 men
363 1549 504 1580 omne
558 1535 894 1592 committunt,
950 1533 1082 1594 quod
1136 1533 1299 1580 deesse
1360 1532 1499 1580 nobis
1553 1535 1753 1593 putant,
1822 1535 1871 1579 et

110 1607 171 1651 18
197 1607 385 1654 faciunt
423 1607 796 1667 probationibus
835 1607 1015 1654 nostris
1056 1609 1403 1654 auc-toritatem
1440 1605 1752 1667 postulando.
1793 1621 1869 1652 ex·
1896 1623 1937 1654 20

197 1681 333 1741 pedit
372 1682 521 1727 etiam
561 1679 675 1727 dare
716 1679 908 1741 aliquid
948 1680 1249 1740 adversario,
1306 1679 1434 1740 quod
1482 1696 1570 1741 pro
1619 1695 1668 1727 se
1715 1681 1870 1741 putet,

200 1754 331 1815 quod
371 1753 734 1815 adprehendens
774 1756 933 1801 maius
975 1753 1163 1815 aliquid
1201 1758 1407 1816 cogatur
1438 1753 1708 1800 dimittere:
1748 1753 1870 1800 duas

198 1829 396 1874 interim
435 1843 510 1875 res
551 1843 835 1888 proponere,
884 1843 1092 1888 quarum
1130 1828 1419 1875 utramlibet
1464 1828 1592 1874 male
1639 1826 1703 1874 sit
1750 1827 1871 1874 elec-

199 1906 352 1959 turus,
394 1900 524 1962 quod
562 1903 615 1948 in
655 1901 975 1948 altercatione
1014 1901 1069 1948 fit
1107 1902 1360 1962 potentius
1403 1917 1551 1961 quam
1581 1902 1634 1947 in
1667 1902 1872 1957 actione,

204 1977 320 2036 quia
359 1975 411 2021 in
449 1975 539 2021 illa
577 1975 718 2022 nobis
757 1976 855 2035 ipsi
892 1974 1255 2036 respondemus,
1301 1976 1353 2020 in
1399 1975 1489 2021 hac
1537 1974 1872 2022 adversarium
1898 1990 1937 2021 25

114 2049 173 2092 19
202 2049 343 2109 quasi
385 2049 659 2095 confessum
697 2051 932 2095 tenemus.
973 2052 1045 2096 est
1083 2048 1134 2094 in
1173 2050 1344 2109 primis
1385 2050 1519 2095 acuti
1556 2048 1735 2107 videre,
1776 2063 1871 2108 quo

200 2122 343 2169 iudex
384 2122 515 2169 dieto
555 2125 824 2180 moveatur,
877 2122 997 2182 quid
1035 2126 1256 2183 respuat:
1305 2122 1433 2182 quod
1482 2125 1531 2168 et
1579 2121 1724 2168 vultu
1769 2136 1870 2168 sae-

200 2197 399 2257 pissime
441 2200 489 2242 et
526 2195 792 2257 aliquando
834 2198 983 2242 etiam
1023 2196 1154 2243 dicto
1195 2196 1361 2256 aliquo
1403 2197 1594 2243 factove
1640 2196 1744 2242 eius
1792 2194 1870 2240 de-

202 2269 470 2329 prenditur.
519 2272 568 2316 et
613 2271 797 2317 instare
849 2269 1214 2330 proficientibus
1270 2276 1319 2316 et
1364 2270 1425 2316 ab
1471 2271 1554 2327 iiS,
1603 2283 1728 2329 quae
1775 2283 1872 2315 non

202 2343 450 2403 adiuvent,
491 2359 638 2403 quam
678 2344 961 2391 mollissime
1002 2342 1173 2404 pedem
1213 2347 1406 2403 oportet
1444 2343 1635 2390 referre.
1682 2342 1872 2388 faciunt
1897 2358 1939 2389 30

202 2416 293 2464 hoc
332 2416 508 2464 medici
550 2432 757 2477 quoque,
796 2420 850 2463 ut
890 2416 1107 2463 remedia
1145 2416 1347 2477 proinde
1387 2419 1697 2476 perseverent
1736 2414 1872 2462 adhi-

205 2629 386 2672 insidiis
420 2630 611 2673 oincisio
644 2629 768 2672 facte
799 2649 829 2680 9
860 2644 968 2672 nam
1000 2630 1048 2672 in
1079 2630 1320 2673 inexsidiis
1352 2630 1516 2673 incisio
1549 2629 1670 2672 facte
1711 2636 1763 2671 Μ
1794 2631 1875 2671 aut

206 2703 259 2731 ex
291 2689 374 2731 ins.
410 2689 632 2732 citissimo
664 2689 789 2732 facto
822 2697 905 2731 ΡΙ·
1056 2694 1079 2731 2
1114 2692 1184 2733 est
1227 2697 1322 2731 Pr:
1370 2703 1439 2732 om
1479 2696 1611 2730 ΛΕΜ
1755 2692 1779 2730 3
1814 2687 1874 2730 ad

207 2748 526 2802 exponendum
560 2749 727 2792 Becher
886 2753 908 2790 7
942 2748 1079 2791 facile
1113 2750 1298 2803 Zumpt:
1329 2747 1445 2790 facti
1610 2752 1634 2790 9
1666 2759 1874 2802 pugnare

208 2808 412 2850 Badius:
443 2820 602 2863 pugna
634 2808 739 2850 libri
861 2812 914 2849 15
954 2807 1002 2849 in
1045 2820 1092 2849 re
1135 2807 1202 2862 (in
1233 2821 1329 2849 rem
1362 2809 1460 2861 ΡΥ)
1499 2807 1659 2850 seclusi
1682 2806 1874 2862 petitum

207 2879 260 2909 ex
292 2866 306 2907 l
341 2870 392 2908 16
424 2865 503 2918 ire,
544 2880 615 2909 res
662 2866 888 2922 Spaldiny
1010 2870 1062 2908 19
1096 2879 1148 2908 eo
1182 2865 1478 2909 committunt
1509 2866 1677 2909 Becher
