2055 3130
221 55 326 106 1:20
740 57 1114 110 QVINTILIAM
1141 57 1292 102 INST.
1325 58 1418 103 ΟΒ.

218 195 385 240 tamen
423 210 524 241 una
564 211 620 240 ex
665 195 822 242 tribus
871 195 1058 243 artibus
1100 196 1325 244 habenda
1375 199 1453 258 sit,
1509 199 1626 259 quia
1677 201 1888 247 maxime

221 268 322 313 01113
362 283 477 314 113113
519 270 631 315 actu
671 268 948 315 continetur
987 273 1136 330 atque
1175 273 1250 317 est
1287 272 1338 316 in
1380 286 1435 318 eo
1474 272 1888 332 frequentissima,

219 339 409 386 dicatur
448 342 609 388 activa
647 341 726 388 vel
765 342 1183 402 administrativa3
1222 359 1337 390 nam
1369 347 1418 390 et
1447 345 1539 391 hoc
1572 345 1784 392 eiusdem
1815 346 1887 392 rei

218 428 394 459 nomen
433 416 518 460 est.

330 537 598 594 [NATURA
628 538 714 580 AN
746 538 1051 582 DOCTRINA
1081 539 1229 583 PLUS
1261 541 1321 583 EI
1353 540 1787 600 CONFERATUR]
1934 553 1953 584 5

165 639 187 683 1
328 632 455 677 XIX.
499 631 608 680 Scio
643 633 812 693 quaeri
845 635 1010 693 etiam,
1049 638 1289 682 naturane
1320 636 1431 697 plus
1466 637 1527 683 ad
1559 637 1886 698 eloquentiam

219 705 439 751 conferat
479 721 541 752 an
581 706 816 754 doctrina.
858 707 987 767 quod
1027 708 1090 755 ad
1126 709 1433 769 propositum
1484 710 1678 771 quidem
1726 712 1885 772 operis

217 779 374 824 nostri
413 779 538 825 1111111
576 780 792 839 pertinet
824 773 1004 845 (neque
1038 783 1167 828 enim
1201 786 1562 831 consummatus
1596 786 1760 830 orator
1790 785 1887 831 nisi

218 866 274 897 ex
313 853 521 912 utroque
560 852 666 899 fieri
704 847 906 918 potest),
945 854 1214 915 plurimum
1252 859 1418 902 tamen
1449 857 1628 904 referre
1660 857 1886 915 arbitror,

163 931 191 974 2
217 940 366 985 quam
405 941 507 972 esse
546 927 598 972 in
637 926 727 973 hoc
766 927 872 973 loco
915 928 1254 988 quaestionem
1284 929 1505 977 velimus.
1545 946 1659 977 nam
1691 930 1732 977 si
1754 932 1888 991 parti
1913 948 1956 980 ιο

216 997 440 1044 utrilibet
480 1000 676 1046 omnino
718 1000 926 1047 alteram
965 1001 1209 1061 detrahas,
1248 1006 1428 1049 natura
1461 1004 1608 1050 etiam
1642 1004 1745 1050 sine
1778 1004 1886 1050 doc-

215 1072 350 1117 trina
388 1072 600 1119 multum
638 1073 838 1132 valebit,
879 1074 1102 1121 doctrina
1141 1075 1279 1122 nulla
1318 1092 1420 1123 esse
1461 1078 1565 1124 31110
1594 1082 1773 1123 natura
1803 1093 1882 1138 po-

213 1145 345 1191 terit.
438 1145 513 1192 sin
583 1161 639 1192 ex
716 1147 825 1207 pari
894 1151 1087 1207 coeant,
1170 1150 1223 1195 in
1297 1149 1621 1197 mediocribus
1691 1151 1888 1211 quidem

215 1219 386 1278 utique
478 1220 639 1266 maius
718 1220 876 1267 adhuc
951 1224 1156 1267 naturae
1234 1223 1427 1269 credam
1497 1238 1598 1270 esse
1673 1239 1888 1270 momen-

213 1293 341 1350 tum,
403 1295 764 1340 consummatos
820 1297 985 1340 autem
1043 1295 1154 1356 plus
1210 1295 1459 1342 doctrinae
1513 1296 1686 1344 debere
1741 1313 1887 1358 quam
1913 1315 1954 1348 15

214 1366 420 1411 naturae
458 1366 660 1425 putabo,
712 1367 839 1414 sicut
875 1370 1035 1414 terrae
1086 1369 1273 1415 nullam
1323 1369 1633 1417 fertilitatem
1685 1370 1888 1417 habenti

213 1437 339 1484 nihil
372 1439 585 1498 optimus
621 1440 836 1502 agricola
868 1441 1122 1502 profuerit,
1156 1458 1179 1487 e
1211 1446 1343 1489 terra
1374 1443 1511 1490 uberi
1541 1443 1665 1490 utile
1698 1443 1886 1504 aliquid

215 1511 364 1557 etiam
396 1512 531 1559 nullo
564 1513 751 1560 colente
784 1518 1032 1561 nascetur:
1066 1518 1118 1561 at
1148 1516 1198 1561 in
1225 1516 1328 1562 solo
1360 1517 1568 1564 fecundo
1593 1517 1704 1577 plus
1730 1518 1887 1564 cultor

159 1590 188 1635 3
216 1599 362 1644 quam
400 1585 509 1645 ipsa
557 1603 645 1646 per
690 1602 740 1634 se
785 1586 980 1635 bonitas
1028 1589 1122 1635 soli
1175 1589 1365 1636 efficiet.
1421 1592 1470 1637 et
1523 1591 1565 1637 31
1617 1590 1884 1638 Praxiteles

214 1659 409 1721 signum
449 1659 649 1720 aliquod
689 1676 744 1706 ex
783 1661 959 1707 molari
998 1662 1161 1722 lapide
1201 1666 1403 1710 conatus
1444 1666 1571 1710 esset
1618 1665 1885 1724 exculpere,
1911 1683 1953 1715 20
1986 1698 2000 1721 s

213 1730 414 1778 Parium
453 1748 668 1780 marmor
705 1733 905 1780 mallem
942 1735 1086 1782 rude:
1128 1738 1180 1782 at
1211 1737 1254 1783 si
1284 1736 1407 1783 illud
1439 1736 1568 1783 idem
1600 1737 1776 1784 artifex
1808 1754 1885 1784 ex-

212 1805 431 1865 poh'sset,
470 1807 579 1866 plus
619 1807 671 1852 in
710 1807 934 1855 manibus
975 1809 1149 1856 fuisset
1188 1825 1336 1870 quam
1375 1810 1424 1856 in
1457 1826 1712 1858 marmore.
1753 1811 1885 1858 deni-

215 1894 307 1938 que
341 1882 521 1926 natura
553 1882 761 1927 materia
793 1881 1041 1929 doctrinae
1074 1885 1172 1929 est:
1212 1883 1331 1930 11300
1361 1883 1518 1946 fingit,
1549 1885 1639 1930 illa
1668 1884 1884 1947 fingitur.

213 1952 339 1998 nihil
379 1968 456 2000 ars
497 1954 601 2000 sine
640 1955 863 2014 materia,
902 1956 1140 2002 materiae
1181 1956 1327 2002 etiam
1376 1957 1478 2004 sine
1526 1960 1630 2005 arte
1669 1959 1884 2019 pretium

2021 0 2055 172 1

214 2029 301 2084 est,
341 2041 419 2073 ars
460 2042 649 2074 summa
689 2029 895 2075 materia
935 2031 1122 2090 optima
1162 2030 1347 2076 melior.
1910 2050 1951 2082 25
2047 2029 2051 2036 ’

673 2152 777 2209 [AN
807 2153 1025 2196 VfflTus
1057 2153 1433 2212 RHETORICE]

160 2252 186 2295 1
322 2245 424 2293 XX.
465 2246 560 2293 Illa
600 2249 822 2308 quaestio
863 2252 935 2296 est
981 2251 1151 2309 maior,
1199 2266 1255 2295 ex
1296 2250 1466 2298 mediis
1507 2251 1710 2311 artibus,
1758 2267 1885 2312 quae

211 2334 368 2379 neque
406 2319 598 2366 laudari
637 2337 725 2381 per
771 2337 820 2368 se
866 2338 954 2369 1100
1003 2323 1277 2383 vituperari
1326 2327 1547 2384 possunt,
1601 2325 1684 2372 sed
1735 2325 1882 2372 utiles

215 2395 302 2438 aut
341 2407 478 2440 secus
526 2395 790 2441 secundum
844 2411 1002 2443 mores
1056 2398 1299 2443 utentium
1354 2396 1491 2458 fiunt,
1541 2398 1766 2445 habenda
1820 2399 1884 2446 sit

212 2464 473 2525 rhetorice,
529 2482 591 2513 an
643 2467 718 2527 sit,
784 2472 841 2514 ut
891 2469 1222 2530 compluribus
1279 2471 1427 2517 etiam
1481 2471 1882 2532 philosophorum
1907 2489 1950 2521 30

157 2545 185 2589 2
213 2539 389 2599 placet,
443 2539 649 2588 virtus.
703 2541 927 2602 equidem
984 2543 1129 2602 illud,
1182 2544 1311 2604 quod
1359 2546 1411 2590 in
1465 2544 1640 2592 studiis
1692 2545 1883 2592 dicendi

215 2612 435 2672 plerique
475 2618 791 2662 exercuerunt
831 2620 881 2662 et-
918 2619 1154 2674 exercent,
1195 2621 1283 2663 aut
1320 2617 1509 2663 nullam
1549 2621 1717 2678 artem,
1758 2635 1882 2679 quae

214 2682 407 2748 ἀτεχνία
445 2689 742 2745 nominatur,
781 2691 901 2750 puto
943 2683 1146 2754 (multos
1187 2691 1314 2736 enim
1353 2691 1495 2737 video
1536 2692 1639 2739 31110
1677 2694 1883 2752 ratione,

334 2845 388 2882 14
419 2841 603 2899 utique]
634 2842 843 2896 utrisque
876 2844 994 2898 libri,
1028 2844 1177 2887 eadem
1210 2845 1416 2898 confusio
1446 2845 1510 2888 m
1541 2851 1580 2899 6,
1615 2851 1668 2889 12
