2055 3130
791 77 866 121 VI.
902 83 940 132 1,
976 46 1131 121 7—17.
1684 78 1792 129 313

114 222 282 266 contra
329 220 654 279 inpotentem,
712 219 949 276 invisum,
996 217 1325 278 perniciosum
1372 218 1597 277 suscepta
1645 232 1792 263 031133

114 296 200 351 031,
241 294 283 338 31
321 292 564 339 iudicibus
604 293 725 353 ipsis
767 295 853 338 aut
892 290 1079 354 gloriae
1121 290 1372 336 damnatio
1412 292 1485 336 rei
1517 294 1603 336 aut
1636 290 1792 337 defor-

111 367 278 412 mitati
316 365 484 412 futura
526 366 786 413 absolutio.
827 381 943 411 nam
984 365 1178 426 egregie
1217 365 1270 409 in
1302 363 1561 410 Vatinium
1595 362 1789 422 Calvus,
1819 364 1884 407 13

116 435 353 498 ‘factum',
394 440 570 500 inquit,
613 436 872 486 ‘ambit-um
914 438 1049 485 scitis
1090 453 1278 496 omnes,
1327 440 1375 484 et
1412 437 1504 484 1100
1543 453 1630 484 vos
1671 438 1793 484 scire

69 529 87 561 5
113 528 279 560 omnes
320 510 513 560 sciunt’.
557 512 723 560 Cicero
765 512 965 573 quidem
1002 513 1054 558 in
1095 511 1298 558 Verrem
1347 511 1499 558 etiam
1545 510 1794 557 emendari

111 603 252 648 posse
291 588 551 634 infamiam
590 587 885 633 iudiciorum
933 585 1167 632 damnato
1215 600 1298 631 reo
1346 585 1488 645 dicit,
1541 585 1673 645 quod
1722 587 1792 631 est

110 677 264 707 unum
306 678 361 708 ex
402 677 549 722 supra
589 661 746 707 dictis.
787 663 946 706 metus
988 659 1153 719 etiam,
1194 660 1237 706 si
1276 663 1347 706 est
1382 658 1699 718 adhibendus,
1738 662 1792 705 ut

111 735 262 782 faciat
294 735 439 795 idem,
464 736 593 782 hunc
624 734 772 781 habet-
803 734 967 780 locum
990 735 1247 781 fortiorem
1279 749 1426 793 quam
1449 734 1502 779 in
1527 733 1791 793 prooemio.

112 825 207 869 qua
249 809 307 855 de
345 825 397 856 re
438 808 557 869 quid
597 810 849 867 sentirem,
902 808 1000 854 alio
1047 807 1148 854 iam
1195 807 1322 854 libro
1372 806 1585 868 exposui.
1636 806 1793 853 conci·
1821 805 1887 850 14

45 899 86 930 10
109 884 216 929 tare
257 899 453 943 quoque
486 883 738 941 invidiam,
772 882 953 941 odium,
992 884 1132 940 iram,
1164 881 1366 928 liberius
1398 882 1450 926 in
1481 881 1792 942 peroratione

110 958 371 1019 contingit:
415 972 620 1016 quorum
659 956 901 1003 invidiam
941 957 1118 1019 gratia,
1158 955 1324 1002 odium
1354 954 1628 1015 turpitudo,
1667 955 1793 1000 iram

111 1030 310 1077 offensio
350 1029 503 1076 iudici
533 1031 667 1089 facit,
708 1030 749 1077 si
782 1033 1059 1089 contumax,
1093 1045 1342 1092 arrogans,
1383 1043 1578 1075 securus
1611 1024 1792 1091 <10113>

110 1106 188 1162 sit,
246 1120 369 1164 quae
409 1121 507 1151 non
549 1121 602 1152 ex
650 1105 782 1151 facto
822 1104 967 1151 modo
1015 1104 1208 1151 dictove
1258 1103 1442 1164 aliquo,
1498 1103 1580 1149 sed
1635 1103 1796 1162 vultu,

110 1177 299 1237 habitu,
341 1181 542 1240 aspectu
580 1178 762 1225 moveri
801 1179 939 1238 solet,
973 1179 1262 1241 egregieque
1295 1177 1434 1224 nobis
1469 1177 1794 1224 adulescenti—

47 1268 87 1299 15
111 1251 201 1299 bus
272 1252 449 1299 dixisse
520 1255 779 1300 accusator
841 1251 1122 1299 Cossutiani
1194 1250 1449 1313 Capitonis
1519 1250 1793 1309 videbat-ur,

113 1324 295 1373 Graece
337 1326 548 1388 quidem,
589 1327 673 1374 sed
710 1328 761 1373 in
802 1327 930 1373 1111110
971 1342 1189 1374 sensum:
1232 1322 1492 1372 ‘erubescis
1534 1324 1794 1372 Caesarem

107 1395 316 1447 timere'.
350 1416 539 1447 summa
565 1403 729 1448 tamen
757 1400 1038 1448 concitandi
1063 1400 1283 1447 adfectus
1318 1401 1595 1447 accusatori
1625 1399 1676 1445 in
1700 1399 1791 1446 1100
1821 1398 1886 1442 15

110 1477 196 1533 est,
235 1477 290 1521 ut
315 1474 379 1534 id,
421 1474 550 1536 quod
584 1475 777 1534 obiecit,
818 1477 905 1522 aut
940 1491 1087 1535 quam
1120 1475 1483 1521 atrocissimum
1516 1476 1602 1520 aut
1627 1474 1792 1528 etiam,

108 1550 150 1596 si
203 1548 310 1595 fieri
361 1552 538 1610 potest,
595 1565 742 1610 quam
796 1550 1008 1596 maxime
1062 1547 1341 1596 miserabile
1396 1563 1498 1595 esse
1552 1547 1792 1595 videatur.

43 1638 84 1669 ‘20
111 1623 344 1670 atrocitas
385 1624 557 1670 crescit
597 1639 654 1669 ex
685 1623 782 1670 his:
824 1623 942 1684 quid
981 1624 1169 1670 factum
1209 1624 1288 1682 sit,
1330 1638 1356 1668 3
1399 1638 1509 1683 quo,
1547 1621 1596 1668 in
1633 1638 1791 1682 quem,

112 1712 207 1757 quo
242 1698 421 1757 animo,
464 1713 558 1757 quo
591 1699 826 1758 tempore,
868 1713 966 1758 quo
991 1697 1115 1757 1000,
1148 1713 1244 1758 quo
1269 1696 1437 1756 modo,
1479 1712 1602 1757 quae
1629 1696 1792 1743 omnia

109 1770 329 1817 infinitos
368 1773 612 1818 tractatus
652 1771 848 1818 habent.
888 1771 1145 1832 pulsatum
1187 1771 1456 1832 querimur:
1505 1770 1563 1817 de
1602 1786 1653 1817 re
1692 1770 1792 1831 pri·
1819 1769 1880 1812 16

108 1862 244 1891 mum
282 1846 391 1906 ipsa
433 1845 709 1905 dicendum,
749 1848 854 1892 tum
896 1847 938 1893 si
979 1861 1134 1905 senex,
1177 1845 1217 1893 si
1255 1862 1391 1906 puer,
1442 1846 1484 1892 si
1530 1845 1792 1906 magistra·

109 1922 204 1978 tus,
245 1919 285 1967 si
323 1919 528 1980 probus,
582 1920 622 1966 si
661 1919 783 1967 bene
831 1919 889 1966 de
928 1936 980 1966 re
1019 1920 1218 1980 public-a
1264 1920 1490 1979 meritus,
1546 1920 1697 1966 etiam
1751 1917 1793 1965 si

43 2008 82 2039 25
108 2008 366 2054 percussus
409 1995 473 2040 sit
513 2010 541 2040 a
580 1995 671 2041 vili
711 1995 877 2054 aliquo
919 1996 1297 2055 contemptoque
1336 1994 1416 2041 vel
1457 2008 1513 2039 ex
1546 1992 1792 2040 contrario

107 2083 136 2114 a
166 2070 368 2128 potente
409 2069 619 2114 nimium
658 2069 737 2115 vel
778 2068 837 2115 ab
879 2084 948 2127 eo,
1002 2084 1097 2128 quo
1137 2069 1338 2114 minime
1380 2068 1619 2128 oportuit,
1663 2069 1709 2114 et
1751 2067 1794 2113 si

109 2141 186 2188 die
227 2142 354 2189 forte
395 2142 620 2189 sollemni
677 2145 763 2189 aut
816 2142 877 2189 iis
925 2142 1252 2203 temporibus,
1301 2157 1411 2188 cum
1457 2141 1649 2189 iudicia
1689 2140 1791 2188 eius

107 2217 178 2263 rei
217 2218 428 2263 maxime
470 2219 829 2275 exercerentur,
878 2219 965 2262 aut
1003 2217 1055 2262 in
1103 2217 1315 2263 sollicito
1365 2217 1582 2263 civitatis
1632 2218 1791 2274 statu3

107 2291 228 2336 item
253 2289 365 2352 (si)
391 2292 443 2337 in
467 2291 676 2349 theatro,
701 2290 753 2337 in
784 2291 985 2351 templo,
1024 2292 1077 2336 in
1109 2292 1351 2349 contione,
1384 2291 1558 2338 crescit
1588 2289 1792 2348 invidia,

42 2379 82 2410 30
109 2367 157 2411 et
197 2366 239 2410 si
275 2381 375 2412 non
416 2381 576 2412 errore
616 2380 704 2411 1100
742 2366 819 2411 113
858 2365 938 2412 vel
978 2366 1143 2425 etiam,
1185 2366 1227 2412 si
1266 2365 1392 2411 forte
1431 2365 1521 2422 ira,
1570 2364 1653 2411 sed
1699 2364 1790 2409 ini-
1819 2361 1879 2404 1ῗ

109 2454 220 2498 qua,
262 2438 394 2499 quod
425 2441 558 2499 patri
592 2439 843 2498 adfuisset,
885 2439 1017 2500 quod
1040 2438 1385 2499 respondisset,
1429 2438 1560 2499 quod
1583 2439 1793 2485 honores

107 2516 278 2559 contra
327 2516 539 2573 peteret,
595 2516 643 2560 et
703 2514 744 2560 31
789 2514 900 2574 plus
954 2514 1105 2559 etiam
1155 2513 1314 2560 videri
1358 2516 1524 2574 pot-est
1578 2512 1792 2559 voluisse

107 2602 255 2646 quam
295 2587 439 2647 fecit,
478 2587 749 2648 plurimum
788 2590 956 2634 tamen
997 2587 1158 2634 adfert
1199 2587 1476 2634 atrocitatis
1515 2587 1708 2646 modus,
1749 2587 1792 2633 si

226 2746 250 2784 5
286 2747 324 2796 1,
360 2749 428 2797 15,
461 2747 515 2785 43

226 2893 252 2932 8
284 2890 399 2933 tacit
430 2898 468 2932 ,1
593 2895 643 2933 12
677 2904 781 2933 reus
815 2892 908 2934 add
941 2892 1160 2935 Kiderlin
1282 2895 1334 2933 ‘29
1370 2890 1409 2932 si
1441 2891 1535 2934 add
1566 2890 1710 2933 Hal-m
