2055 3130
240 53 350 105 304
735 54 1111 106 QVINTILIANI
1140 55 1205 98 IN
1210 55 1290 98 ST.
1326 55 1417 99 ΟΒ.

239 193 422 239 bonum
461 195 547 255 est,
589 208 683 253 quo
725 194 832 253 quis
871 193 998 240 male
1038 194 1113 240 uti
1151 196 1334 254 potest:
1374 196 1580 254 pecunia
1612 197 1775 256 potest
1801 197 1909 256 quis

239 267 366 313 male
406 267 495 324 uti,
535 282 632 312 non
671 267 825 328 igitur
862 265 1044 313 bonum
1085 268 1159 313 est
1197 263 1439 327 pecunia'.
1503 268 1813 329 enthymema
1853 284 1910 315 ex

238 339 593 401 pugnantibus:
636 335 718 384 ‘an
758 337 939 385 bonum
978 342 1052 386 est
1096 342 1317 400 pecunia,
1365 356 1464 400 qua
1505 342 1613 401 quis
1661 342 1787 388 male
1833 343 1911 388 uti

146 419 215 464 26
244 408 457 474 potestP'
500 407 563 459 esi
586 413 806 472 pecunia,
840 428 962 472 quae
996 414 1070 459 est
1091 414 1143 459 in
1168 416 1370 476 argento
1404 414 1613 476 signato,
1653 416 1911 476 argentum

239 487 325 545 est,
365 485 449 545 qui
489 488 746 547 argentum
787 500 926 531 omne
976 486 1185 548 legavit,
1237 490 1286 532 et
1332 487 1605 548 pecuniam,
1657 503 1782 548 quae
1836 489 1910 535 est

237 560 289 604 in
322 561 525 620 argento
559 558 767 619 signato,
806 559 1014 619 legavit:
1055 561 1311 620 argentum
1345 562 1508 606 autem
1540 575 1680 607 omne
1711 561 1911 623 legavit,

238 632 392 692 igitur
432 636 479 678 et
521 632 792 692 pecuniam,
849 647 972 692 quae
1021 635 1094 678 est
1140 634 1192 679 in
1239 636 1458 696 argento,
1503 629 1708 695 legavit'
1764 633 1912 680 babet

238 705 448 752 formam
488 704 777 766 syllogismi.
827 707 1011 751 oratori
1051 706 1170 753 satis
1211 709 1284 753 est
1325 706 1503 753 dicere:
1561 703 1690 753 ‘cum
1741 722 1910 770 argen-

236 780 344 824 tum
383 779 627 839 legaverit
665 793 821 838 omne,
871 779 1128 840 pecuniam
1169 794 1363 840 quoque
1402 780 1608 842 legavit,
1660 795 1787 840 quae
1838 782 1911 827 est

237 853 290 898 in
329 846 566 913 argento’.

145 932 210 976 27
349 924 601 986 Peregisse
646 925 769 970 mihi
821 924 989 972 videor
1043 940 1181 972 sacra
1235 926 1536 973 tradentium
1589 927 1770 987 partes,
1826 925 1911 972 sed

239 998 441 1044 consilio
481 998 618 1045 locus
659 1000 894 1058 superest.
935 1014 1146 1059 namque
1186 1015 1288 1061 ego,
1328 1002 1386 1046 ut
1424 1001 1475 1045 in
1509 1001 1730 1046 oratione
1763 999 1908 1060 syllo-

239 1073 394 1134 gismo
435 1071 633 1132 quidem
673 1071 938 1131 aliquando
986 1074 1059 1118 uti
1107 1088 1208 1120 esse
1255 1073 1330 1119 fas
1378 1072 1524 1132 duco,
1570 1074 1644 1119 ita
1667 1064 1909 1119 '‘tonstare

239 1147 396 1191 totam
437 1148 523 1191 aut
564 1147 692 1191 certe
733 1145 1000 1192 confertam
1042 1160 1143 1192 esse
1178 1145 1547 1209 adgressionum
1580 1148 1628 1193 et
1660 1146 1909 1206 enthyme-

238 1222 425 1264 matum
468 1220 732 1278 stipatione
771 1219 972 1264 minime
1011 1219 1175 1265 velim.
1225 1219 1433 1281 dialogis
1475 1221 1604 1266 enim
1645 1222 1693 1266 et
1732 1219 1907 1266 dialec-

238 1292 349 1338 ticis
390 1291 808 1352 disputationibus
843 1293 936 1339 erit
967 1292 1175 1338 similior
1208 1308 1356 1353 quam
1388 1294 1544 1340 nostri
1577 1294 1734 1353 operis
1762 1293 1911 1340 actio-

1936 870 1978 901 10

1935 1236 1976 1268 15

143 1371 212 1415 28
238 1365 398 1425 nibus,
439 1381 564 1425 quae
605 1365 801 1425 quidem
840 1366 969 1411 inter
1008 1381 1057 1412 se
1097 1366 1362 1426 plurimum
1403 1366 1648 1412 differunt.
1700 1372 1939 1427 namque·

238 1434 358 1499 <in>
396 1439 496 1485 illis
535 1439 755 1485 homines
796 1438 927 1485 docti
966 1442 1015 1485 et
1052 1440 1182 1485 inter
1221 1439 1389 1487 doctos
1421 1456 1590 1486 verum
1622 1442 1909 1500 quaerentes

237 1512 476 1559 minutius
516 1515 565 1559 et
604 1512 934 1573 scrupulosius
975 1514 1258 1559 scrutantur
1297 1514 1460 1560 omnia
1494 1516 1542 1559 et
1575 1513 1636 1559 ad
1667 1513 1909 1574 liquidum

239 1586 607 1646 confessumque
648 1585 934 1646 perducunt,
982 1588 1037 1632 ut
1076 1588 1162 1646 qui
1202 1587 1293 1633 sibi
1334 1590 1383 1633 et
1420 1586 1703 1633 inveniendi
1750 1588 1799 1633 et
1836 1588 1909 1632 iu-

239 1658 435 1705 dicandi
466 1659 716 1706 vindicent
747 1661 918 1719 partis,
959 1675 1169 1719 quarum
1202 1660 1409 1706 alteram
1441 1659 1661 1721 τοπικήν,
1705 1660 1910 1707 alteram

142 1739 212 1782 ⁴29
238 1731 458 1794 κριτικήν
497 1736 688 1780 vocant.
730 1733 868 1780 nobis
910 1733 969 1778 ad
1010 1733 1218 1780 aliorum
1258 1734 1440 1780 iudicia
1473 1734 1804 1794 componenda
1838 1737 1911 1780 est

240 1805 413 1864 oratio,
469 1809 517 1852 et
556 1808 748 1866 saepius
791 1806 921 1867 apud
961 1809 1157 1853 omnino
1208 1809 1462 1868 imperitos
1516 1811 1662 1867 atque
1712 1807 1909 1854 illarum

239 1882 366 1926 certe
406 1881 605 1942 ignaros
639 1881 913 1926 litterarum
956 1880 1253 1940 loquendum
1295 1885 1387 1941 est,
1438 1896 1558 1941 quos
1598 1882 1694 1928 nisi
1741 1884 1789 1928 et
1828 1880 1906 1928 de-

238 1953 499 1999 lectatione
541 1953 800 2000 adlicimus
842 1957 889 2000 et
928 1953 1115 2000 vicibus
1163 1954 1402 2002 trahimus
1450 1958 1498 2001 et
1544 1969 1908 2015 nonnumquam

238 2027 492 2073 turbamus
535 2026 821 2085 adfectibus,
860 2029 982 2088 ipsa,
1022 2043 1146 2087 quae
1178 2028 1310 2074 iusta
1343 2043 1396 2074 ac
1428 2043 1544 2074 vera
1577 2031 1705 2087 sunt,
1743 2031 1907 2074 tenere

142 2107 214 2150 30
239 2116 336 2146 non
376 2115 645 2160 possumus.
686 2101 903 2161 locuples
944 2103 992 2147 et
1031 2101 1247 2161 speciosa
1289 2104 1337 2147 et
1368 2101 1631 2162 imperiosa
1669 2101 1776 2148 vult
1808 2115 1908 2148 esse

239 2173 541 2234 eloquentia:
598 2190 805 2234 quorum
851 2174 975 2220 nihil
1026 2178 1369 2234 consequetur,
1429 2177 1470 2221 si
1517 2174 1907 2222 conclusionibus

239 2247 383 2293 certis
425 2250 472 2293 et
525 2249 575 2293 in
627 2263 774 2293 unam
826 2264 975 2308 prope
1027 2248 1235 2294 formam
1286 2248 1569 2295 cadentibus
1621 2249 1814 2295 concisa
1861 2252 1908 2294 et

239 2322 572 2381 contemptum
613 2337 669 2366 ex
708 2321 987 2368 humilitate
1029 2325 1075 2368 et
1116 2321 1280 2368 odium
1329 2337 1383 2368 ex
1424 2322 1634 2382 quadam
1675 2322 1908 2369 servitute

359 2554 379 2590 1
415 2563 505 2602 quo
539 2550 641 2603 quis
683 2550 758 2592 Vt.-
791 2564 880 2603 quo
914 2549 1106 2605 quisque
1140 2551 1246 2593 libri
1278 2550 1540 2604 ¹[quisquam
1576 2552 1629 2604 P)
1670 2551 1674 2606 Ι
1709 2549 1907 2604 pecunia

240 2609 394 2649 autem
438 2609 492 2651 Vt
671 2613 695 2650 3
728 2608 831 2663 quis
863 2608 1029 2651 Halm:
1061 2609 1256 2662 quisque
1290 2610 1395 2652 libri
1427 2609 1690 2663 (quisquam
1722 2610 1777 2664 P)

240 2670 292 2708 11
326 2668 480 2721 partes
518 2667 670 2710 Gertz:
714 2669 834 2710 artes
981 2672 1032 2710 13
1066 2681 1163 2710 esse
1194 2668 1264 2709 fas
1299 2668 1462 2710 Halm:
1493 2667 1623 2710 nefas
1775 2670 1827 2709 18
1859 2667 1908 2709 in

237 2723 332 2766 illis
366 2726 531 2768 Halm:
561 2725 655 2768 illis
688 2733 819 2768 ΛΕΜ
846 2725 917 2767 1111
950 2734 1030 2768 Pr*
1198 2731 1251 2768 25
1283 2725 1460 2768 vicibus
1495 2727 1703 2769 ‚Meisters
1733 2725 1906 2768 viribus

358 2789 409 2826 27
445 2785 491 2826 et
521 2783 767 2839 imperiosa
800 2786 893 2828 add
927 2785 1047 2836 Cass,
1091 2799 1161 2828 om
1200 2786 1307 2829 libri
1345 2785 1402 2827 I't
1425 2799 1460 2839 p
1493 2790 1574 2827 411
1728 2788 1783 2827 30
1816 2797 1906 2828 ser-

237 2842 404 2899 vitute]
439 2843 682 2886 severitate
715 2844 811 2897 edd,
843 2844 920 2887 sed
950 2845 1002 2897 cf
1026 2843 1110 2886 VII
1143 2849 1182 2897 3,
1216 2849 1270 2887 16
1303 2844 1471 2887 Becher

1934 1603 1976 1634 20

1933 1971 1973 2001 25

1933 2338 1975 2369 30
