2055 3130
270 74 380 127 240
769 72 1142 125 QVINTILIANI
1172 72 1321 116 INST.
1357 73 1450 116 OR.

270 213 608 261 auditionibus
650 206 772 274 (non
805 213 933 259 enim
972 213 1105 272 ipsos
1145 226 1246 258 6556
1285 214 1449 269 165165,
1490 214 1575 260 sed
1612 214 1942 263 iniuratorum

272 288 463 335 adferre
518 281 697 350 voces),
736 288 792 331 ut
845 286 898 331 in
952 285 1109 332 causis
1159 285 1541 346 repetundarum
1595 279 1705 350 (qui
1758 303 1808 335 se
1860 303 1943 336 reo

271 375 551 407 numerasse
591 360 822 420 pecunias
861 359 1040 418 iurant,
1079 358 1403 420 litigatorum,
1457 375 1554 406 non
1607 362 1810 407 testium
1858 361 1942 408 ha-

204 435 241 478 6
272 434 454 480 bendos
501 426 645 496 loco).
699 431 897 478 interim
945 431 1178 478 adversus
1233 431 1453 492 singulos
1508 432 1747 494 derigitur
1800 435 1942 494 actio,

271 506 401 568 quod
434 506 768 552 insectationis
809 520 960 566 genus
1002 507 1050 550 et
1087 506 1385 564 permixtum
1424 505 1695 552 defensioni
1734 507 1941 568 legimus
1989 524 2008 556 5

269 582 322 626 in
361 578 665 626 orationibus
704 579 930 638 plurimis
971 581 1018 624 et
1058 579 1325 638 separatim
1364 577 1563 639 editum,
1605 580 1732 625 sicut
1763 579 1814 626 in
1844 579 1942 626 Va-

269 654 449 700 tinium
499 654 686 699 testem.
742 653 901 698 totum
956 651 1111 711 igitur
1166 651 1465 698 excutiamus
1517 653 1692 707 locum,
1747 654 1941 713 quando

206 728 238 770 ‘7
273 727 555 772 universam
594 726 957 771 institutionem
997 724 1215 786 adgressi
1254 739 1433 771 sumus.
1476 724 1784 772 sufficiebant
1823 727 1942 772 alio-

270 801 355 860 qui
404 798 519 845 libri
570 798 664 844 duo
714 813 741 844 a
787 797 1006 844 Domitio
1054 798 1173 843 Afro
1227 798 1280 843 in
1333 797 1457 844 hanc
1512 815 1615 845 rem
1669 801 1942 860 compositi,

270 888 414 933 quem
455 871 849 918 adulescentulus
890 886 1051 918 senem
1093 871 1235 929 colui,
1273 874 1330 917 ut
1368 887 1464 917 non
1508 872 1635 918 lecta
1673 872 1791 918 mihi
1832 876 1941 919 tan·
1967 891 2008 921 ιο

268 948 374 992 tum
415 961 485 1004 ea,
533 945 615 992 sed
653 945 886 1005 pleraque
938 960 994 991 ex
1040 945 1148 1004 ipso
1196 944 1295 991 sint
1342 946 1553 1005 cognita.
1601 946 1642 992 is
1690 947 1940 993 verissime

266 1020 519 1079 praecepit
557 1018 770 1079 primum
811 1033 911 1064 esse
951 1019 1003 1064 in
1042 1018 1134 1064 hac
1171 1020 1312 1077 parte
1352 1017 1566 1065 officium
1617 1020 1841 1079 oratoris,
1887 1023 1943 1066 ut

267 1095 426 1139 totam
465 1107 661 1139 causam
694 1091 1008 1138 familiariter
1038 1091 1193 1137 norit:
1235 1091 1363 1151 quod
1389 1093 1492 1137 sine
1518 1091 1664 1138 dubio
1692 1092 1752 1138 ad
1778 1094 1943 1139 omnia

204 1167 240 1210 8
272 1167 501 1227 pertinet,
517 1161 634 1227 <61>
652 1165 894 1225 quomodo
910 1166 1178 1226 contingat,
1195 1164 1559 1224 explicabimus,
1585 1180 1693 1211 cum
1711 1166 1774 1212 ad
1797 1166 1943 1213 desti-

269 1243 443 1286 natum
482 1239 596 1284 huic
634 1238 764 1299 parti
804 1238 964 1284 locum
1004 1238 1291 1284 venerimus.
1347 1252 1403 1283 ea
1441 1253 1517 1284 res
1567 1242 1795 1301 suggeret
1839 1255 1940 1286 ma·
1967 1257 2007 1288 15

267 1314 445 1360 teriam
484 1312 863 1374 interrogationi
910 1313 958 1357 et
1004 1311 1160 1356 veluti
1206 1312 1305 1357 tela
1354 1311 1416 1357 ad
1461 1327 1662 1358 manum
1708 1313 1941 1359 submini-

269 1385 460 1445 strabit,
502 1385 671 1431 eadem
711 1384 918 1443 docebit,
959 1385 1021 1430 ad
1060 1400 1182 1444 quae
1223 1384 1398 1431 iudicis
1432 1386 1622 1432 animus
1655 1387 1845 1432 actione
1879 1386 1943 1432 sit

268 1459 649 1520 praeparandus.
699 1458 840 1504 debet
891 1458 1020 1504 enim
1071 1458 1149 1503 vel
1199 1457 1304 1504 fieri
1358 1458 1437 1504 vel
1488 1458 1681 1505 detrahi
1734 1459 1941 1506 testibus

267 1533 385 1580 fides
426 1534 647 1579 oratione
686 1534 938 1592 perpetua,
979 1533 1095 1591 quia
1143 1531 1210 1578 sic
1259 1532 1463 1592 quisque
1511 1531 1655 1579 dictis
1702 1535 1941 1591 movetur,

269 1610 324 1652 ut
363 1609 437 1653 est
476 1605 538 1652 ad
577 1605 868 1652 credendum
917 1605 994 1651 vel
1041 1620 1139 1651 non
1187 1604 1480 1651 credendum
1527 1608 1639 1652 ante
1686 1606 1938 1653 formatus.
1967 1624 2008 1654 ρο

209 1682 239 1724 9
382 1680 446 1726 Ε1
487 1681 718 1740 quoniam
759 1678 852 1725 duo
894 1693 1073 1741 genera
1113 1681 1229 1724 Sunt
1267 1680 1480 1738 testium,
1523 1682 1609 1725 aut
1639 1679 1939 1726 voluntario-

267 1770 377 1799 rum
403 1755 487 1799 aut
513 1769 693 1810 eorum,
719 1751 894 1812 quibus
919 1749 1038 1813 (in)
1064 1751 1256 1798 iudiciis
1281 1751 1490 1812 publicis
1522 1752 1628 1815 lege
1661 1752 1941 1799 denuntiari

269 1827 406 1885 solet,
448 1842 653 1887 quorum
694 1826 847 1873 altero
887 1841 1001 1885 pars
1040 1828 1248 1886 utraque
1289 1827 1462 1884 utitur,
1504 1826 1713 1872 alterum
1745 1841 1939 1874 accusa-

268 1900 457 1948 toribus
497 1903 692 1946 tantum
733 1914 1008 1946 concessum
1052 1902 1145 1945 est:
1193 1914 1471 1959 separemus
1512 1898 1729 1946 officium
1776 1899 1938 1946 dantis

268 1977 416 2020 testes
459 1977 506 2020 et
545 1973 827 2020 refellentis.
1964 1990 2004 2021 25

181 2048 243 2091 10
380 2046 470 2102 Qui
511 2047 918 2093 voluntarium
958 2046 1198 2106 producit,
1239 2047 1359 2092 scire
1400 2045 1517 2106 quid
1556 2047 1597 2093 is
1632 2046 1848 2093 dicturus
1875 2047 1940 2092 sit

268 2123 446 2181 potest,
486 2121 689 2181 ideoque
730 2121 1001 2166 faciliorem
1043 2120 1239 2166 videtur
1269 2120 1320 2164 in
1344 2119 1562 2181 rogando
1588 2119 1763 2166 habere
1787 2120 1938 2167 ratio-

268 2210 393 2240 nem.
434 2194 518 2241 sed
555 2194 674 2240 haec
700 2209 891 2254 quoque
930 2208 1044 2254 pars
1086 2208 1287 2240 acumen
1328 2208 1383 2240 ac
1422 2193 1735 2255 vigilantiam
1765 2193 1938 2254 poscit,

269 2267 722 2328 providendumque
762 2282 821 2312 ne
862 2267 1080 2325 timidus,
1135 2282 1195 2313 ne
1234 2268 1533 2325 inconstans,
1573 2282 1631 2313 ne
1671 2267 1937 2327 inprudens

181 2343 238 2386 11
268 2342 406 2388 testis
449 2342 534 2387 sit:
580 2341 844 2387 turbantur
893 2340 1020 2387 enim
1069 2343 1117 2386 et
1164 2356 1192 2386 a
1242 2341 1463 2400 patronis
1513 2339 1733 2387 diversae
1780 2341 1936 2400 partis
1962 2357 2003 2388 30

267 2414 570 2461 inducuntur
607 2416 658 2459 in
698 2414 898 2473 laqueos
940 2416 988 2459 et
1026 2414 1135 2473 plus
1176 2413 1402 2473 deprensi
1432 2416 1607 2460 nocent
1639 2429 1785 2474 quam
1809 2413 1938 2459 firmi

269 2490 317 2534 et
355 2487 571 2534 interriti
602 2488 914 2548 profuissent.
956 2487 1168 2533 multum
1199 2488 1354 2549 igitur
1385 2487 1518 2534 domi
1550 2489 1662 2533 ante
1696 2487 1935 2546 versandi,

266 2561 417 2608 valiis
443 2560 909 2622 percontationibus,
936 2560 1103 2621 quales
1130 2560 1298 2607 haberi
1325 2561 1385 2606 ab
1412 2560 1690 2607 adversario
1716 2563 1934 2621 possunt,

389 2690 442 2727 10
477 2685 618 2743 colui]
651 2685 747 2727 vidi
778 2685 838 2727 ΑΞ
870 2687 920 2728 in
952 2699 1029 2728 ras
1152 2691 1205 2728 14
1238 2688 1284 2728 et
1316 2686 1480 2728 addidi
1601 2689 1654 2727 16
1687 2684 1810 2727 velut
1841 2693 1876 2725 A

268 2749 322 2787 22
356 2744 404 2786 in
438 2745 637 2787 Aldina:
669 2759 738 2787 om
762 2752 890 2786 ABP
1007 2748 1060 2786 ‘26
1093 2744 1419 2787 Voluntarium
1446 2759 1549 2786 cum
1572 2743 1789 2798 producit
1811 2751 1847 2784 Α

263 2809 320 2845 31
348 2803 537 2904 Ιαέὃηῗέ
556 2805 621 2906 <2137
621 2803 884 2905 ιίτγείνπῆανά;
907 2803 1073 2856 laqueo
1093 2804 1172 2845 sed
1188 2810 1233 2845 B
1254 2803 1472 2857 laqueum
1490 2805 1559 2845 set
1584 2803 1674 2844 1³¹?
1699 2802 1822 2845 latus
1840 2804 1886 2845 61
1898 2810 1935 2843 Α

2053 1867 2055 1947 1
