<?xml version="1.0" encoding="UTF-8"?>
<!DOCTYPE html PUBLIC "-//W3C//DTD XHTML 1.0 Transitional//EN"
    "http://www.w3.org/TR/xhtml1/DTD/xhtml1-transitional.dtd">
<html xmlns="http://www.w3.org/1999/xhtml" xml:lang="en" lang="en">
 <head>
  <title>
</title>
<meta http-equiv="Content-Type" content="text/html;charset=utf-8" />
  <meta name='ocr-system' content='tesseract 3.04.00' />
  <meta name='ocr-capabilities' content='ocr_page ocr_carea ocr_par ocr_line ocrx_word'/>
</head>
<body>
  <div class='ocr_page' id='page_1' title='image "./institvtionisora00quinuoft/institvtionisora00quinuoft_0215.png"; bbox 0 0 2055 3130; ppageno 0'>
   <div class='ocr_carea' id='block_1_1' title="bbox 765 89 1796 141">
    <p class='ocr_par' dir='ltr' id='par_1_1' title="bbox 765 89 1796 141">
     <span class='ocr_line' id='line_1_1' title="bbox 765 89 1796 141; baseline 0.01 -10"><span class='ocrx_word' id='word_1_1' title='bbox 765 89 840 131; x_wconf 85' lang='lat' dir='ltr'>IV.</span> <span class='ocrx_word' id='word_1_2' title='bbox 877 94 915 141; x_wconf 86' lang='lat'>1,</span> <span class='ocrx_word' id='word_1_3' title='bbox 948 92 1136 131; x_wconf 85' lang='lat'>49—60.</span> <span class='ocrx_word' id='word_1_4' title='bbox 1690 90 1796 141; x_wconf 77' lang='lat'>195</span> 
     </span>
    </p>
   </div>
   <div class='ocr_carea' id='block_1_2' title="bbox 114 228 1800 510">
    <p class='ocr_par' dir='ltr' id='par_1_2' title="bbox 114 228 1800 510">
     <span class='ocr_line' id='line_1_2' title="bbox 114 228 1799 293; baseline -0.002 -15"><span class='ocrx_word' id='word_1_5' title='bbox 114 232 272 293; x_wconf 87' lang='lat' dir='ltr'>partis</span> <span class='ocrx_word' id='word_1_6' title='bbox 310 232 573 278; x_wconf 75' lang='lat' dir='ltr'>materiam</span> <span class='ocrx_word' id='word_1_7' title='bbox 611 230 795 288; x_wconf 73' lang='lat' dir='ltr'>trahit,</span> <span class='ocrx_word' id='word_1_8' title='bbox 834 229 927 275; x_wconf 88' lang='grc'>1106</span> <span class='ocrx_word' id='word_1_9' title='bbox 965 230 1094 289; x_wconf 90' lang='lat' dir='ltr'>ipso,</span> <span class='ocrx_word' id='word_1_10' title='bbox 1147 228 1279 288; x_wconf 90' lang='lat' dir='ltr'>quod</span> <span class='ocrx_word' id='word_1_11' title='bbox 1324 244 1423 275; x_wconf 91' lang='lat' dir='ltr'>non</span> <span class='ocrx_word' id='word_1_12' title='bbox 1471 230 1799 289; x_wconf 82' lang='lat' dir='ltr'>compositum</span> 
     </span>
     <span class='ocr_line' id='line_1_3' title="bbox 114 301 1798 366; baseline -0.002 -14"><span class='ocrx_word' id='word_1_13' title='bbox 114 306 261 366; x_wconf 71' lang='lat' dir='ltr'>domi,</span> <span class='ocrx_word' id='word_1_14' title='bbox 313 305 398 352; x_wconf 93' lang='lat' dir='ltr'>sed</span> <span class='ocrx_word' id='word_1_15' title='bbox 435 304 507 351; x_wconf 91' lang='lat' dir='ltr'>ibi</span> <span class='ocrx_word' id='word_1_16' title='bbox 554 308 703 364; x_wconf 88' lang='lat' dir='ltr'>atque</span> <span class='ocrx_word' id='word_1_17' title='bbox 759 318 815 348; x_wconf 83' lang='lat' dir='ltr'>ex</span> <span class='ocrx_word' id='word_1_18' title='bbox 864 318 917 348; x_wconf 91' lang='lat' dir='ltr'>re</span> <span class='ocrx_word' id='word_1_19' title='bbox 970 305 1158 360; x_wconf 86' lang='lat' dir='ltr'>natum,</span> <span class='ocrx_word' id='word_1_20' title='bbox 1214 305 1261 347; x_wconf 86' lang='lat' dir='ltr'>et</span> <span class='ocrx_word' id='word_1_21' title='bbox 1314 301 1558 349; x_wconf 85' lang='lat' dir='ltr'>facilitate</span> <span class='ocrx_word' id='word_1_22' title='bbox 1611 302 1798 349; x_wconf 88' lang='lat' dir='ltr'>famam</span> 
     </span>
     <span class='ocr_line' id='line_1_4' title="bbox 114 376 1797 441; baseline -0.002 -15"><span class='ocrx_word' id='word_1_23' title='bbox 114 379 302 441; x_wconf 83' lang='lat' dir='ltr'>ingenii</span> <span class='ocrx_word' id='word_1_24' title='bbox 361 380 508 441; x_wconf 85' lang='lat' dir='ltr'>auget</span> <span class='ocrx_word' id='word_1_25' title='bbox 563 383 612 423; x_wconf 89' lang='lat' dir='ltr'>et</span> <span class='ocrx_word' id='word_1_26' title='bbox 664 377 789 423; x_wconf 89' lang='lat' dir='ltr'>facie</span> <span class='ocrx_word' id='word_1_27' title='bbox 842 376 1080 436; x_wconf 89' lang='lat' dir='ltr'>simplicis</span> <span class='ocrx_word' id='word_1_28' title='bbox 1133 377 1415 435; x_wconf 89' lang='lat' dir='ltr'>sumptique</span> <span class='ocrx_word' id='word_1_29' title='bbox 1467 392 1524 421; x_wconf 83' lang='lat' dir='ltr'>ex</span> <span class='ocrx_word' id='word_1_30' title='bbox 1574 376 1797 436; x_wconf 80' lang='lat' dir='ltr'>proximo</span> 
     </span>
     <span class='ocr_line' id='line_1_5' title="bbox 115 449 1800 510; baseline -0.003 -10"><span class='ocrx_word' id='word_1_31' title='bbox 115 454 351 501; x_wconf 90' lang='lat' dir='ltr'>sermonis</span> <span class='ocrx_word' id='word_1_32' title='bbox 391 451 536 497; x_wconf 91' lang='lat' dir='ltr'>fidem</span> <span class='ocrx_word' id='word_1_33' title='bbox 576 465 770 510; x_wconf 91' lang='lat' dir='ltr'>quoque</span> <span class='ocrx_word' id='word_1_34' title='bbox 812 449 1047 510; x_wconf 75' lang='lat' dir='ltr'>adquirit,</span> <span class='ocrx_word' id='word_1_35' title='bbox 1089 449 1208 496; x_wconf 86' lang='lat' dir='ltr'>adeo</span> <span class='ocrx_word' id='word_1_36' title='bbox 1241 451 1310 507; x_wconf 83' lang='lat' dir='ltr'>ut,</span> <span class='ocrx_word' id='word_1_37' title='bbox 1352 449 1502 496; x_wconf 87' lang='lat' dir='ltr'>etiam</span> <span class='ocrx_word' id='word_1_38' title='bbox 1534 451 1577 496; x_wconf 89' lang='lat' dir='ltr'>si</span> <span class='ocrx_word' id='word_1_39' title='bbox 1607 450 1800 510; x_wconf 89' lang='lat' dir='ltr'>reliqua</span> 
     </span>
    </p>
   </div>
   <div class='ocr_carea' id='block_1_3' title="bbox 70 523 1801 588">
    <p class='ocr_par' dir='ltr' id='par_1_3' title="bbox 70 523 1801 588">
     <span class='ocr_line' id='line_1_6' title="bbox 70 523 1801 588; baseline -0.002 -14"><span class='ocrx_word' id='word_1_40' title='bbox 70 545 88 575; x_wconf 83' lang='lat'><strong>5</strong></span> <span class='ocrx_word' id='word_1_41' title='bbox 116 529 297 588; x_wconf 90' lang='lat' dir='ltr'>scripta</span> <span class='ocrx_word' id='word_1_42' title='bbox 354 529 502 585; x_wconf 89' lang='lat' dir='ltr'>atque</span> <span class='ocrx_word' id='word_1_43' title='bbox 550 524 802 571; x_wconf 87' lang='lat' dir='ltr'>elaborata</span> <span class='ocrx_word' id='word_1_44' title='bbox 850 525 971 582; x_wconf 89' lang='lat' dir='ltr'>sint,</span> <span class='ocrx_word' id='word_1_45' title='bbox 1017 526 1187 569; x_wconf 87' lang='lat' dir='ltr'>tamen</span> <span class='ocrx_word' id='word_1_46' title='bbox 1233 523 1524 584; x_wconf 87' lang='lat' dir='ltr'>plerumque</span> <span class='ocrx_word' id='word_1_47' title='bbox 1571 523 1801 570; x_wconf 80' lang='lat' dir='ltr'>videatur</span> 
     </span>
    </p>
   </div>
   <div class='ocr_carea' id='block_1_4' title="bbox 114 597 1799 659">
    <p class='ocr_par' dir='ltr' id='par_1_4' title="bbox 114 597 1799 659">
     <span class='ocr_line' id='line_1_7' title="bbox 114 597 1799 659; baseline -0.003 -12"><span class='ocrx_word' id='word_1_48' title='bbox 114 603 223 647; x_wconf 86' lang='lat' dir='ltr'>tota</span> <span class='ocrx_word' id='word_1_49' title='bbox 274 599 617 659; x_wconf 80' lang='lat' dir='ltr'>extemporalis</span> <span class='ocrx_word' id='word_1_50' title='bbox 669 599 850 657; x_wconf 89' lang='lat' dir='ltr'>oratio,</span> <span class='ocrx_word' id='word_1_51' title='bbox 902 597 1039 644; x_wconf 89' lang='lat' dir='ltr'>cuius</span> <span class='ocrx_word' id='word_1_52' title='bbox 1093 597 1295 643; x_wconf 89' lang='lat' dir='ltr'>initium</span> <span class='ocrx_word' id='word_1_53' title='bbox 1340 597 1467 643; x_wconf 90' lang='lat' dir='ltr'>nihil</span> <span class='ocrx_word' id='word_1_54' title='bbox 1514 597 1799 659; x_wconf 86' lang='lat' dir='ltr'>praeparati</span> 
     </span>
    </p>
   </div>
   <div class='ocr_carea' id='block_1_5' title="bbox 113 671 1849 732">
    <p class='ocr_par' dir='ltr' id='par_1_5' title="bbox 113 671 1849 732">
     <span class='ocr_line' id='line_1_8' title="bbox 113 671 1849 732; baseline -0.002 -12"><span class='ocrx_word' id='word_1_55' title='bbox 113 673 344 721; x_wconf 86' lang='lat' dir='ltr'>habuisse</span> <span class='ocrx_word' id='word_1_56' title='bbox 384 672 703 721; x_wconf 88' lang='lat' dir='ltr'>manifestum</span> <span class='ocrx_word' id='word_1_57' title='bbox 751 674 836 719; x_wconf 86' lang='lat' dir='ltr'>est.</span> <span class='ocrx_word' id='word_1_58' title='bbox 889 671 1283 732; x_wconf 75' lang='lat' dir='ltr'><strong>frequentissime</strong></span> <span class='ocrx_word' id='word_1_59' title='bbox 1330 687 1446 718; x_wconf 86' lang='lat' dir='ltr'>vero</span> <span class='ocrx_word' id='word_1_60' title='bbox 1493 671 1799 732; x_wconf 89' lang='lat' dir='ltr'>prooemium</span> <span class='ocrx_word' id='word_1_61' title='bbox 1830 675 1849 685; x_wconf 78' lang='lat'><em>⁷</em></span> 
     </span>
    </p>
   </div>
   <div class='ocr_carea' id='block_1_6' title="bbox 0 745 1799 806">
    <p class='ocr_par' dir='ltr' id='par_1_6' title="bbox 0 745 1799 806">
     <span class='ocr_line' id='line_1_9' title="bbox 0 745 1799 806; baseline -0.002 -11"><span class='ocrx_word' id='word_1_62' title='bbox 0 764 2 767; x_wconf 90' lang='lat'>·</span> <span class='ocrx_word' id='word_1_63' title='bbox 51 792 54 795; x_wconf 84' lang='lat'>.</span> <span class='ocrx_word' id='word_1_64' title='bbox 115 746 304 794; x_wconf 86' lang='lat' dir='ltr'>decebit</span> <span class='ocrx_word' id='word_1_65' title='bbox 349 749 397 793; x_wconf 88' lang='lat' dir='ltr'>et</span> <span class='ocrx_word' id='word_1_66' title='bbox 437 746 794 794; x_wconf 88' lang='lat' dir='ltr'>sententiarum</span> <span class='ocrx_word' id='word_1_67' title='bbox 835 748 883 792; x_wconf 90' lang='lat' dir='ltr'>et</span> <span class='ocrx_word' id='word_1_68' title='bbox 924 745 1293 806; x_wconf 71' lang='lat' dir='ltr'>compositionis</span> <span class='ocrx_word' id='word_1_69' title='bbox 1343 749 1392 791; x_wconf 90' lang='lat' dir='ltr'>et</span> <span class='ocrx_word' id='word_1_70' title='bbox 1430 746 1564 792; x_wconf 71' lang='lat' dir='ltr'>vocis</span> <span class='ocrx_word' id='word_1_71' title='bbox 1605 748 1654 792; x_wconf 90' lang='lat' dir='ltr'>et</span> <span class='ocrx_word' id='word_1_72' title='bbox 1692 746 1799 792; x_wconf 72' lang='lat' dir='ltr'>vul-</span> 
     </span>
    </p>
   </div>
   <div class='ocr_carea' id='block_1_7' title="bbox 48 913 90 944">
    <p class='ocr_par' dir='ltr' id='par_1_7' title="bbox 48 913 90 944">
     <span class='ocr_line' id='line_1_10' title="bbox 48 913 90 944; baseline -0.024 0"><span class='ocrx_word' id='word_1_73' title='bbox 48 913 90 944; x_wconf 91' lang='lat'>10</span> 
     </span>
    </p>
   </div>
   <div class='ocr_carea' id='block_1_8' title="bbox 48 1283 89 1314">
    <p class='ocr_par' dir='ltr' id='par_1_8' title="bbox 48 1283 89 1314">
     <span class='ocr_line' id='line_1_11' title="bbox 48 1283 89 1314; baseline 0 0"><span class='ocrx_word' id='word_1_74' title='bbox 48 1283 89 1314; x_wconf 90' lang='lat'>15</span> 
     </span>
    </p>
   </div>
   <div class='ocr_carea' id='block_1_9' title="bbox 48 1653 91 1684">
    <p class='ocr_par' dir='ltr' id='par_1_9' title="bbox 48 1653 91 1684">
     <span class='ocr_line' id='line_1_12' title="bbox 48 1653 91 1684; baseline 0 0"><span class='ocrx_word' id='word_1_75' title='bbox 48 1653 91 1684; x_wconf 81' lang='lat'>20</span> 
     </span>
    </p>
   </div>
   <div class='ocr_carea' id='block_1_10' title="bbox 49 2023 92 2055">
    <p class='ocr_par' dir='ltr' id='par_1_10' title="bbox 49 2023 92 2055">
     <span class='ocr_line' id='line_1_13' title="bbox 49 2023 92 2055; baseline 0.023 -1"><span class='ocrx_word' id='word_1_76' title='bbox 49 2023 92 2055; x_wconf 74' lang='lat'>25</span> 
     </span>
    </p>
   </div>
   <div class='ocr_carea' id='block_1_11' title="bbox 113 819 1801 955">
    <p class='ocr_par' dir='ltr' id='par_1_11' title="bbox 113 819 1801 955">
     <span class='ocr_line' id='line_1_14' title="bbox 113 819 1801 882; baseline -0.002 -14"><span class='ocrx_word' id='word_1_77' title='bbox 113 824 195 868; x_wconf 88' lang='lat' dir='ltr'>tus</span> <span class='ocrx_word' id='word_1_78' title='bbox 233 820 491 879; x_wconf 87' lang='lat' dir='ltr'>modestia,</span> <span class='ocrx_word' id='word_1_79' title='bbox 534 820 653 867; x_wconf 85' lang='lat' dir='ltr'>adeo</span> <span class='ocrx_word' id='word_1_80' title='bbox 694 822 750 866; x_wconf 91' lang='lat' dir='ltr'>ut</span> <span class='ocrx_word' id='word_1_81' title='bbox 790 821 843 866; x_wconf 87' lang='lat' dir='ltr'>in</span> <span class='ocrx_word' id='word_1_82' title='bbox 883 834 1058 882; x_wconf 81' lang='lat' dir='ltr'><strong>genere</strong></span> <span class='ocrx_word' id='word_1_83' title='bbox 1094 835 1267 866; x_wconf 87' lang='lat' dir='ltr'>causae</span> <span class='ocrx_word' id='word_1_84' title='bbox 1302 821 1453 865; x_wconf 89' lang='lat' dir='ltr'>etiam</span> <span class='ocrx_word' id='word_1_85' title='bbox 1476 819 1801 866; x_wconf 76' lang='lat' dir='ltr'>indubitabili</span> 
     </span>
     <span class='ocr_line' id='line_1_15' title="bbox 114 893 1801 955; baseline -0.001 -15"><span class='ocrx_word' id='word_1_86' title='bbox 114 894 296 942; x_wconf 85' lang='lat' dir='ltr'>fiducia</span> <span class='ocrx_word' id='word_1_87' title='bbox 349 909 398 940; x_wconf 90' lang='lat' dir='ltr'>se</span> <span class='ocrx_word' id='word_1_88' title='bbox 446 895 552 955; x_wconf 90' lang='lat' dir='ltr'>ipsa</span> <span class='ocrx_word' id='word_1_89' title='bbox 608 895 817 940; x_wconf 92' lang='lat' dir='ltr'>nimium</span> <span class='ocrx_word' id='word_1_90' title='bbox 865 909 1057 939; x_wconf 82' lang='lat' dir='ltr'>exerere</span> <span class='ocrx_word' id='word_1_91' title='bbox 1111 908 1210 939; x_wconf 93' lang='lat' dir='ltr'>non</span> <span class='ocrx_word' id='word_1_92' title='bbox 1266 893 1453 940; x_wconf 88' lang='lat' dir='ltr'>debeat.</span> <span class='ocrx_word' id='word_1_93' title='bbox 1518 893 1623 941; x_wconf 91' lang='lat' dir='ltr'>odit</span> <span class='ocrx_word' id='word_1_94' title='bbox 1671 895 1801 940; x_wconf 87' lang='lat' dir='ltr'>enim</span> 
     </span>
    </p>
   </div>
   <div class='ocr_carea' id='block_1_12' title="bbox 113 967 1841 1030">
    <p class='ocr_par' dir='ltr' id='par_1_12' title="bbox 113 967 1841 1030">
     <span class='ocr_line' id='line_1_16' title="bbox 113 967 1841 1030; baseline -0.001 -15"><span class='ocrx_word' id='word_1_95' title='bbox 113 968 259 1015; x_wconf 78' lang='lat' dir='ltr'>iudex</span> <span class='ocrx_word' id='word_1_96' title='bbox 306 969 408 1014; x_wconf 85' lang='lat' dir='ltr'>fere</span> <span class='ocrx_word' id='word_1_97' title='bbox 455 969 701 1030; x_wconf 84' lang='lat' dir='ltr'>litigantis</span> <span class='ocrx_word' id='word_1_98' title='bbox 758 967 1089 1027; x_wconf 76' lang='lat' dir='ltr'>securitatem,</span> <span class='ocrx_word' id='word_1_99' title='bbox 1142 982 1348 1028; x_wconf 85' lang='lat' dir='ltr'>cumque</span> <span class='ocrx_word' id='word_1_100' title='bbox 1403 967 1478 1015; x_wconf 90' lang='lat' dir='ltr'>ius</span> <span class='ocrx_word' id='word_1_101' title='bbox 1531 983 1673 1014; x_wconf 90' lang='lat' dir='ltr'>suum</span> <span class='ocrx_word' id='word_1_102' title='bbox 1726 970 1841 1024; x_wconf 36' lang='lat' dir='ltr'>inp</span> 
     </span>
    </p>
   </div>
   <div class='ocr_carea' id='block_1_13' title="bbox 112 1041 1804 2365">
    <p class='ocr_par' dir='ltr' id='par_1_13' title="bbox 112 1041 1804 2365">
     <span class='ocr_line' id='line_1_17' title="bbox 112 1041 1799 1105; baseline 0 -17"><span class='ocrx_word' id='word_1_103' title='bbox 112 1043 331 1105; x_wconf 84' lang='lat' dir='ltr'>tellegat,</span> <span class='ocrx_word' id='word_1_104' title='bbox 371 1043 554 1090; x_wconf 87' lang='lat' dir='ltr'>tacitus</span> <span class='ocrx_word' id='word_1_105' title='bbox 588 1042 914 1088; x_wconf 85' lang='lat' dir='ltr'>reverentiam</span> <span class='ocrx_word' id='word_1_106' title='bbox 946 1042 1182 1103; x_wconf 88' lang='lat' dir='ltr'>postulat.</span> <span class='ocrx_word' id='word_1_107' title='bbox 1224 1056 1311 1087; x_wconf 92' lang='lat' dir='ltr'>nec</span> <span class='ocrx_word' id='word_1_108' title='bbox 1335 1041 1496 1088; x_wconf 90' lang='lat' dir='ltr'>minus</span> <span class='ocrx_word' id='word_1_109' title='bbox 1523 1041 1799 1104; x_wconf 83' lang='lat' dir='ltr'>diligenter,</span> 
     </span>
     <span class='ocr_line' id='line_1_18' title="bbox 113 1115 1803 1177; baseline 0 -15"><span class='ocrx_word' id='word_1_110' title='bbox 113 1132 173 1163; x_wconf 93' lang='lat' dir='ltr'>ne</span> <span class='ocrx_word' id='word_1_111' title='bbox 222 1118 438 1177; x_wconf 89' lang='lat' dir='ltr'>suspecti</span> <span class='ocrx_word' id='word_1_112' title='bbox 493 1118 658 1175; x_wconf 87' lang='lat' dir='ltr'>simus,</span> <span class='ocrx_word' id='word_1_113' title='bbox 714 1116 766 1162; x_wconf 93' lang='lat' dir='ltr'>in</span> <span class='ocrx_word' id='word_1_114' title='bbox 816 1116 907 1162; x_wconf 80' lang='lat' dir='ltr'>illa</span> <span class='ocrx_word' id='word_1_115' title='bbox 958 1117 1100 1176; x_wconf 91' lang='lat' dir='ltr'>parte</span> <span class='ocrx_word' id='word_1_116' title='bbox 1156 1115 1418 1162; x_wconf 79' lang='lat' dir='ltr'>vitandum</span> <span class='ocrx_word' id='word_1_117' title='bbox 1458 1119 1544 1175; x_wconf 91' lang='lat' dir='ltr'>est,</span> <span class='ocrx_word' id='word_1_118' title='bbox 1598 1118 1803 1176; x_wconf 90' lang='lat' dir='ltr'>propter</span> 
     </span>
     <span class='ocr_line' id='line_1_19' title="bbox 115 1189 1800 1251; baseline 0 -15"><span class='ocrx_word' id='word_1_119' title='bbox 115 1190 247 1251; x_wconf 92' lang='lat' dir='ltr'>quod</span> <span class='ocrx_word' id='word_1_120' title='bbox 284 1192 487 1237; x_wconf 78' lang='lat' dir='ltr'>minime</span> <span class='ocrx_word' id='word_1_121' title='bbox 529 1191 767 1237; x_wconf 87' lang='lat' dir='ltr'>ostentari</span> <span class='ocrx_word' id='word_1_122' title='bbox 807 1190 950 1236; x_wconf 91' lang='lat' dir='ltr'>debet</span> <span class='ocrx_word' id='word_1_123' title='bbox 980 1189 1314 1250; x_wconf 76' lang='lat' dir='ltr'>in’principiis</span> <span class='ocrx_word' id='word_1_124' title='bbox 1348 1205 1478 1248; x_wconf 88' lang='lat' dir='ltr'>cura,</span> <span class='ocrx_word' id='word_1_125' title='bbox 1520 1189 1635 1250; x_wconf 90' lang='lat' dir='ltr'>quia</span> <span class='ocrx_word' id='word_1_126' title='bbox 1667 1189 1800 1236; x_wconf 74' lang='lat' dir='ltr'>vide-</span> 
     </span>
     <span class='ocr_line' id='line_1_20' title="bbox 115 1263 1802 1324; baseline -0.001 -13"><span class='ocrx_word' id='word_1_127' title='bbox 115 1268 197 1311; x_wconf 89' lang='lat' dir='ltr'>tur</span> <span class='ocrx_word' id='word_1_128' title='bbox 237 1280 315 1311; x_wconf 89' lang='lat' dir='ltr'>ars</span> <span class='ocrx_word' id='word_1_129' title='bbox 365 1265 520 1312; x_wconf 90' lang='lat' dir='ltr'>omnis</span> <span class='ocrx_word' id='word_1_130' title='bbox 569 1264 776 1311; x_wconf 87' lang='lat' dir='ltr'>dicentis</span> <span class='ocrx_word' id='word_1_131' title='bbox 825 1268 996 1311; x_wconf 83' lang='lat' dir='ltr'>contra</span> <span class='ocrx_word' id='word_1_132' title='bbox 1046 1263 1257 1310; x_wconf 89' lang='lat' dir='ltr'>iudicem</span> <span class='ocrx_word' id='word_1_133' title='bbox 1306 1263 1540 1310; x_wconf 83' lang='lat' dir='ltr'>adhiberi.</span> <span class='ocrx_word' id='word_1_134' title='bbox 1605 1264 1689 1311; x_wconf 92' lang='lat' dir='ltr'>sed</span> <span class='ocrx_word' id='word_1_135' title='bbox 1726 1266 1802 1324; x_wconf 91' lang='lat' dir='ltr'>ip-</span> 
     </span>
     <span class='ocr_line' id='line_1_21' title="bbox 115 1337 1800 1399; baseline -0.001 -13"><span class='ocrx_word' id='word_1_136' title='bbox 115 1354 223 1386; x_wconf 90' lang='lat' dir='ltr'>sum</span> <span class='ocrx_word' id='word_1_137' title='bbox 262 1339 395 1385; x_wconf 89' lang='lat' dir='ltr'>istud</span> <span class='ocrx_word' id='word_1_138' title='bbox 436 1339 621 1386; x_wconf 76' lang='lat' dir='ltr'>evitare</span> <span class='ocrx_word' id='word_1_139' title='bbox 669 1354 887 1385; x_wconf 89' lang='lat' dir='ltr'>summae</span> <span class='ocrx_word' id='word_1_140' title='bbox 928 1339 1076 1399; x_wconf 83' lang='lat' dir='ltr'>artis3</span> <span class='ocrx_word' id='word_1_141' title='bbox 1122 1354 1238 1384; x_wconf 90' lang='lat' dir='ltr'>nam</span> <span class='ocrx_word' id='word_1_142' title='bbox 1287 1337 1339 1383; x_wconf 89' lang='lat' dir='ltr'>id</span> <span class='ocrx_word' id='word_1_143' title='bbox 1390 1338 1494 1385; x_wconf 84' lang='lat' dir='ltr'>sine</span> <span class='ocrx_word' id='word_1_144' title='bbox 1541 1337 1691 1385; x_wconf 92' lang='lat' dir='ltr'>dubio</span> <span class='ocrx_word' id='word_1_145' title='bbox 1742 1338 1800 1384; x_wconf 90' lang='lat' dir='ltr'>ab</span> 
     </span>
     <span class='ocr_line' id='line_1_22' title="bbox 116 1412 1801 1474; baseline 0 -16"><span class='ocrx_word' id='word_1_146' title='bbox 116 1412 355 1472; x_wconf 88' lang='lat' dir='ltr'>omnibus,</span> <span class='ocrx_word' id='word_1_147' title='bbox 397 1416 447 1459; x_wconf 87' lang='lat' dir='ltr'>et</span> <span class='ocrx_word' id='word_1_148' title='bbox 486 1413 685 1474; x_wconf 89' lang='lat' dir='ltr'>quidem</span> <span class='ocrx_word' id='word_1_149' title='bbox 725 1412 922 1473; x_wconf 81' lang='lat' dir='ltr'>optime,</span> <span class='ocrx_word' id='word_1_150' title='bbox 977 1415 1297 1473; x_wconf 89' lang='lat' dir='ltr'>praeceptum</span> <span class='ocrx_word' id='word_1_151' title='bbox 1349 1415 1436 1471; x_wconf 86' lang='lat' dir='ltr'>est,</span> <span class='ocrx_word' id='word_1_152' title='bbox 1490 1428 1661 1460; x_wconf 77' lang='lat' dir='ltr'>verum</span> <span class='ocrx_word' id='word_1_153' title='bbox 1714 1412 1801 1458; x_wconf 87' lang='lat' dir='ltr'>ali-</span> 
     </span>
     <span class='ocr_line' id='line_1_23' title="bbox 115 1486 1801 1548; baseline 0 -16"><span class='ocrx_word' id='word_1_154' title='bbox 115 1490 359 1548; x_wconf 85' lang='lat' dir='ltr'>quatenus</span> <span class='ocrx_word' id='word_1_155' title='bbox 399 1490 679 1548; x_wconf 87' lang='lat' dir='ltr'>temporum</span> <span class='ocrx_word' id='word_1_156' title='bbox 719 1486 1002 1534; x_wconf 88' lang='lat' dir='ltr'>condicione</span> <span class='ocrx_word' id='word_1_157' title='bbox 1041 1489 1279 1546; x_wconf 91' lang='lat' dir='ltr'>mutatur,</span> <span class='ocrx_word' id='word_1_158' title='bbox 1320 1487 1437 1547; x_wconf 90' lang='lat' dir='ltr'>quia</span> <span class='ocrx_word' id='word_1_159' title='bbox 1475 1486 1577 1533; x_wconf 87' lang='lat' dir='ltr'>iam</span> <span class='ocrx_word' id='word_1_160' title='bbox 1603 1486 1801 1547; x_wconf 89' lang='lat' dir='ltr'>quibus-</span> 
     </span>
     <span class='ocr_line' id='line_1_24' title="bbox 115 1560 1802 1623; baseline -0.001 -15"><span class='ocrx_word' id='word_1_161' title='bbox 115 1561 229 1608; x_wconf 90' lang='lat' dir='ltr'>dam</span> <span class='ocrx_word' id='word_1_162' title='bbox 267 1561 320 1607; x_wconf 89' lang='lat' dir='ltr'>in</span> <span class='ocrx_word' id='word_1_163' title='bbox 359 1561 554 1608; x_wconf 87' lang='lat' dir='ltr'>iudiciis</span> <span class='ocrx_word' id='word_1_164' title='bbox 594 1563 902 1623; x_wconf 83' lang='lat' dir='ltr'>maximeque</span> <span class='ocrx_word' id='word_1_165' title='bbox 944 1560 1243 1621; x_wconf 80' lang='lat' dir='ltr'>capitalibus</span> <span class='ocrx_word' id='word_1_166' title='bbox 1285 1564 1371 1607; x_wconf 86' lang='lat' dir='ltr'>aut</span> <span class='ocrx_word' id='word_1_167' title='bbox 1411 1561 1543 1622; x_wconf 86' lang='lat' dir='ltr'>apud</span> <span class='ocrx_word' id='word_1_168' title='bbox 1584 1563 1802 1607; x_wconf 88' lang='lat' dir='ltr'>centum-</span> 
     </span>
     <span class='ocr_line' id='line_1_25' title="bbox 115 1635 1801 1698; baseline 0 -18"><span class='ocrx_word' id='word_1_169' title='bbox 115 1637 248 1682; x_wconf 86' lang='lat' dir='ltr'>viros</span> <span class='ocrx_word' id='word_1_170' title='bbox 288 1636 387 1696; x_wconf 91' lang='lat' dir='ltr'>ipsi</span> <span class='ocrx_word' id='word_1_171' title='bbox 437 1635 622 1682; x_wconf 89' lang='lat' dir='ltr'>iudices</span> <span class='ocrx_word' id='word_1_172' title='bbox 665 1635 868 1698; x_wconf 76' lang='lat' dir='ltr'>exigunt</span> <span class='ocrx_word' id='word_1_173' title='bbox 908 1635 1147 1682; x_wconf 87' lang='lat' dir='ltr'>sollicitas</span> <span class='ocrx_word' id='word_1_174' title='bbox 1190 1639 1238 1681; x_wconf 89' lang='lat' dir='ltr'>et</span> <span class='ocrx_word' id='word_1_175' title='bbox 1280 1638 1536 1682; x_wconf 87' lang='lat' dir='ltr'>accuratas</span> <span class='ocrx_word' id='word_1_176' title='bbox 1585 1636 1801 1681; x_wconf 87' lang='lat' dir='ltr'>actiones</span> 
     </span>
     <span class='ocr_line' id='line_1_26' title="bbox 116 1707 1803 1771; baseline -0.001 -15"><span class='ocrx_word' id='word_1_177' title='bbox 116 1710 460 1770; x_wconf 86' lang='lat' dir='ltr'>contemnique</span> <span class='ocrx_word' id='word_1_178' title='bbox 501 1725 565 1769; x_wconf 91' lang='lat' dir='ltr'>se,</span> <span class='ocrx_word' id='word_1_179' title='bbox 605 1709 697 1756; x_wconf 88' lang='lat' dir='ltr'>nisi</span> <span class='ocrx_word' id='word_1_180' title='bbox 740 1711 794 1755; x_wconf 93' lang='lat' dir='ltr'>in</span> <span class='ocrx_word' id='word_1_181' title='bbox 826 1709 1030 1756; x_wconf 91' lang='lat' dir='ltr'>dicendo</span> <span class='ocrx_word' id='word_1_182' title='bbox 1064 1710 1215 1756; x_wconf 90' lang='lat' dir='ltr'>etiam</span> <span class='ocrx_word' id='word_1_183' title='bbox 1248 1707 1509 1771; x_wconf 81' lang='lat' dir='ltr'>diligentia</span> <span class='ocrx_word' id='word_1_184' title='bbox 1549 1711 1803 1770; x_wconf 82' lang='lat' dir='ltr'>appareat,</span> 
     </span>
     <span class='ocr_line' id='line_1_27' title="bbox 116 1783 1801 1843; baseline 0 -14"><span class='ocrx_word' id='word_1_185' title='bbox 116 1783 336 1842; x_wconf 87' lang='lat' dir='ltr'>credunt,</span> <span class='ocrx_word' id='word_1_186' title='bbox 374 1799 463 1831; x_wconf 89' lang='grc'>1166</span> <span class='ocrx_word' id='word_1_187' title='bbox 515 1783 677 1831; x_wconf 83' lang='grc'>(106611</span> <span class='ocrx_word' id='word_1_188' title='bbox 723 1786 933 1843; x_wconf 83' lang='lat' dir='ltr'>tantum,</span> <span class='ocrx_word' id='word_1_189' title='bbox 990 1783 1074 1830; x_wconf 91' lang='lat' dir='ltr'>sed</span> <span class='ocrx_word' id='word_1_190' title='bbox 1122 1784 1274 1830; x_wconf 84' lang='lat' dir='ltr'>etiam</span> <span class='ocrx_word' id='word_1_191' title='bbox 1325 1783 1561 1830; x_wconf 84' lang='lat' dir='ltr'>delectari</span> <span class='ocrx_word' id='word_1_192' title='bbox 1613 1783 1801 1830; x_wconf 75' lang='lat' dir='ltr'>volunt.</span> 
     </span>
     <span class='ocr_line' id='line_1_28' title="bbox 116 1857 1801 1918; baseline -0.001 -14"><span class='ocrx_word' id='word_1_193' title='bbox 116 1860 165 1904; x_wconf 91' lang='lat' dir='ltr'>et</span> <span class='ocrx_word' id='word_1_194' title='bbox 206 1859 280 1905; x_wconf 90' lang='lat' dir='ltr'>est</span> <span class='ocrx_word' id='word_1_195' title='bbox 319 1857 536 1905; x_wconf 86' lang='lat' dir='ltr'>difficilis</span> <span class='ocrx_word' id='word_1_196' title='bbox 575 1858 721 1904; x_wconf 88' lang='lat' dir='ltr'>huius</span> <span class='ocrx_word' id='word_1_197' title='bbox 761 1860 833 1904; x_wconf 91' lang='lat' dir='ltr'>rei</span> <span class='ocrx_word' id='word_1_198' title='bbox 872 1858 1168 1905; x_wconf 84' lang='lat' dir='ltr'>moderatio:</span> <span class='ocrx_word' id='word_1_199' title='bbox 1210 1872 1337 1918; x_wconf 90' lang='lat' dir='ltr'>quae</span> <span class='ocrx_word' id='word_1_200' title='bbox 1377 1860 1543 1903; x_wconf 90' lang='lat' dir='ltr'>tamen</span> <span class='ocrx_word' id='word_1_201' title='bbox 1575 1858 1649 1904; x_wconf 86' lang='lat' dir='ltr'>ita</span> <span class='ocrx_word' id='word_1_202' title='bbox 1680 1860 1801 1903; x_wconf 86' lang='lat' dir='ltr'>tem-</span> 
     </span>
     <span class='ocr_line' id='line_1_29' title="bbox 114 1931 1801 1992; baseline 0.001 -15"><span class='ocrx_word' id='word_1_203' title='bbox 114 1931 279 1992; x_wconf 83' lang='lat' dir='ltr'>perari</span> <span class='ocrx_word' id='word_1_204' title='bbox 317 1935 504 1992; x_wconf 84' lang='lat' dir='ltr'>potest,</span> <span class='ocrx_word' id='word_1_205' title='bbox 554 1936 609 1979; x_wconf 90' lang='lat' dir='ltr'>ut</span> <span class='ocrx_word' id='word_1_206' title='bbox 654 1931 912 1979; x_wconf 80' lang='lat' dir='ltr'>videamur</span> <span class='ocrx_word' id='word_1_207' title='bbox 960 1935 1203 1991; x_wconf 88' lang='lat' dir='ltr'>accurate,</span> <span class='ocrx_word' id='word_1_208' title='bbox 1257 1947 1356 1978; x_wconf 91' lang='lat' dir='ltr'>non</span> <span class='ocrx_word' id='word_1_209' title='bbox 1405 1931 1581 1978; x_wconf 88' lang='lat' dir='ltr'>callide</span> <span class='ocrx_word' id='word_1_210' title='bbox 1629 1931 1801 1979; x_wconf 84' lang='lat' dir='ltr'>dicere.</span> 
     </span>
     <span class='ocr_line' id='line_1_30' title="bbox 115 2005 1802 2067; baseline -0.001 -15"><span class='ocrx_word' id='word_1_211' title='bbox 115 2006 242 2052; x_wconf 91' lang='lat' dir='ltr'>illud</span> <span class='ocrx_word' id='word_1_212' title='bbox 296 2022 352 2052; x_wconf 81' lang='lat' dir='ltr'>ex</span> <span class='ocrx_word' id='word_1_213' title='bbox 407 2008 685 2067; x_wconf 85' lang='lat' dir='ltr'>praeceptis</span> <span class='ocrx_word' id='word_1_214' title='bbox 736 2006 983 2054; x_wconf 76' lang='lat' dir='ltr'>veteribus</span> <span class='ocrx_word' id='word_1_215' title='bbox 1042 2009 1236 2061; x_wconf 88' lang='lat' dir='ltr'>manet,</span> <span class='ocrx_word' id='word_1_216' title='bbox 1291 2022 1350 2052; x_wconf 93' lang='lat' dir='ltr'>ne</span> <span class='ocrx_word' id='word_1_217' title='bbox 1406 2005 1536 2067; x_wconf 91' lang='lat' dir='ltr'>quod</span> <span class='ocrx_word' id='word_1_218' title='bbox 1585 2006 1802 2052; x_wconf 88' lang='lat' dir='ltr'>insolens</span> 
     </span>
     <span class='ocr_line' id='line_1_31' title="bbox 114 2079 1802 2139; baseline -0.001 -14"><span class='ocrx_word' id='word_1_219' title='bbox 114 2079 334 2139; x_wconf 87' lang='lat' dir='ltr'>verbum,</span> <span class='ocrx_word' id='word_1_220' title='bbox 374 2097 434 2127; x_wconf 91' lang='lat' dir='ltr'>ne</span> <span class='ocrx_word' id='word_1_221' title='bbox 474 2081 708 2127; x_wconf 83' lang='lat' dir='ltr'>auda-cius</span> <span class='ocrx_word' id='word_1_222' title='bbox 756 2081 1068 2139; x_wconf 87' lang='lat' dir='ltr'>translatum,</span> <span class='ocrx_word' id='word_1_223' title='bbox 1121 2097 1180 2126; x_wconf 93' lang='lat' dir='ltr'>ne</span> <span class='ocrx_word' id='word_1_224' title='bbox 1222 2082 1307 2126; x_wconf 89' lang='lat' dir='ltr'>aut</span> <span class='ocrx_word' id='word_1_225' title='bbox 1349 2080 1408 2126; x_wconf 91' lang='lat' dir='ltr'>ab</span> <span class='ocrx_word' id='word_1_226' title='bbox 1450 2080 1671 2127; x_wconf 89' lang='lat' dir='ltr'>obsoleta</span> <span class='ocrx_word' id='word_1_227' title='bbox 1721 2096 1802 2126; x_wconf 79' lang='lat' dir='ltr'>ve-</span> 
     </span>
     <span class='ocr_line' id='line_1_32' title="bbox 116 2153 1802 2216; baseline 0 -16"><span class='ocrx_word' id='word_1_228' title='bbox 116 2156 301 2201; x_wconf 83' lang='lat' dir='ltr'>tustate</span> <span class='ocrx_word' id='word_1_229' title='bbox 343 2156 428 2201; x_wconf 88' lang='lat' dir='ltr'>aut</span> <span class='ocrx_word' id='word_1_230' title='bbox 474 2156 669 2216; x_wconf 90' lang='lat' dir='ltr'>poetica</span> <span class='ocrx_word' id='word_1_231' title='bbox 707 2154 911 2201; x_wconf 87' lang='lat' dir='ltr'>licentia</span> <span class='ocrx_word' id='word_1_232' title='bbox 962 2156 1213 2215; x_wconf 91' lang='lat' dir='ltr'>sumptum</span> <span class='ocrx_word' id='word_1_233' title='bbox 1252 2154 1302 2200; x_wconf 87' lang='lat' dir='ltr'>in</span> <span class='ocrx_word' id='word_1_234' title='bbox 1342 2155 1586 2215; x_wconf 84' lang='lat' dir='ltr'>principio</span> <span class='ocrx_word' id='word_1_235' title='bbox 1634 2153 1802 2215; x_wconf 90' lang='lat' dir='ltr'>depre-</span> 
     </span>
     <span class='ocr_line' id='line_1_33' title="bbox 115 2227 1802 2289; baseline 0.001 -15"><span class='ocrx_word' id='word_1_236' title='bbox 115 2228 371 2275; x_wconf 88' lang='lat' dir='ltr'>hendatur.</span> <span class='ocrx_word' id='word_1_237' title='bbox 431 2229 649 2275; x_wconf 89' lang='lat' dir='ltr'>nondum</span> <span class='ocrx_word' id='word_1_238' title='bbox 706 2229 835 2275; x_wconf 91' lang='lat' dir='ltr'>enim</span> <span class='ocrx_word' id='word_1_239' title='bbox 892 2230 1080 2289; x_wconf 84' lang='lat' dir='ltr'>recepti</span> <span class='ocrx_word' id='word_1_240' title='bbox 1131 2243 1297 2275; x_wconf 90' lang='lat' dir='ltr'>sumus</span> <span class='ocrx_word' id='word_1_241' title='bbox 1350 2231 1398 2275; x_wconf 87' lang='lat' dir='ltr'>et</span> <span class='ocrx_word' id='word_1_242' title='bbox 1450 2227 1664 2275; x_wconf 85' lang='lat' dir='ltr'>custodit</span> <span class='ocrx_word' id='word_1_243' title='bbox 1713 2243 1802 2275; x_wconf 89' lang='lat' dir='ltr'>nos</span> 
     </span>
     <span class='ocr_line' id='line_1_34' title="bbox 115 2302 1804 2365; baseline 0 -17"><span class='ocrx_word' id='word_1_244' title='bbox 115 2318 282 2349; x_wconf 88' lang='lat' dir='ltr'>recens</span> <span class='ocrx_word' id='word_1_245' title='bbox 337 2302 644 2350; x_wconf 88' lang='lat' dir='ltr'>audientium</span> <span class='ocrx_word' id='word_1_246' title='bbox 692 2302 929 2350; x_wconf 85' lang='lat' dir='ltr'>intentio:</span> <span class='ocrx_word' id='word_1_247' title='bbox 983 2304 1142 2365; x_wconf 84' lang='lat' dir='ltr'>magis</span> <span class='ocrx_word' id='word_1_248' title='bbox 1199 2303 1473 2350; x_wconf 86' lang='lat' dir='ltr'>conciliatis</span> <span class='ocrx_word' id='word_1_249' title='bbox 1530 2303 1707 2349; x_wconf 88' lang='lat' dir='ltr'>animis</span> <span class='ocrx_word' id='word_1_250' title='bbox 1755 2305 1804 2348; x_wconf 92' lang='lat' dir='ltr'>et</span> 
     </span>
    </p>
   </div>
   <div class='ocr_carea' id='block_1_14' title="bbox 54 2377 1804 2437">
    <p class='ocr_par' dir='ltr' id='par_1_14' title="bbox 54 2377 1804 2437">
     <span class='ocr_line' id='line_1_35' title="bbox 54 2377 1804 2437; baseline -0.001 -13"><span class='ocrx_word' id='word_1_251' title='bbox 54 2377 220 2424; x_wconf 81' lang='grc'>3013111</span> <span class='ocrx_word' id='word_1_252' title='bbox 260 2377 533 2424; x_wconf 87' lang='lat' dir='ltr'>calentibus</span> <span class='ocrx_word' id='word_1_253' title='bbox 573 2378 693 2424; x_wconf 88' lang='grc'>11366</span> <span class='ocrx_word' id='word_1_254' title='bbox 732 2377 934 2424; x_wconf 87' lang='lat' dir='ltr'>libertas</span> <span class='ocrx_word' id='word_1_255' title='bbox 985 2378 1184 2436; x_wconf 85' lang='lat' dir='ltr'>feretur,</span> <span class='ocrx_word' id='word_1_256' title='bbox 1239 2379 1546 2437; x_wconf 79' lang='lat' dir='ltr'>maximeque</span> <span class='ocrx_word' id='word_1_257' title='bbox 1595 2392 1705 2423; x_wconf 91' lang='lat' dir='ltr'>cum</span> <span class='ocrx_word' id='word_1_258' title='bbox 1750 2378 1804 2422; x_wconf 90' lang='lat' dir='ltr'>in</span> 
     </span>
    </p>
   </div>
   <div class='ocr_carea' id='block_1_15' title="bbox 117 2450 1805 2660">
    <p class='ocr_par' dir='ltr' id='par_1_15' title="bbox 117 2450 1805 2660">
     <span class='ocr_line' id='line_1_36' title="bbox 118 2450 1805 2514; baseline 0.001 -19"><span class='ocrx_word' id='word_1_259' title='bbox 118 2450 250 2498; x_wconf 89' lang='lat' dir='ltr'>locos</span> <span class='ocrx_word' id='word_1_260' title='bbox 289 2451 528 2499; x_wconf 83' lang='lat' dir='ltr'>fuerimus</span> <span class='ocrx_word' id='word_1_261' title='bbox 560 2451 784 2514; x_wconf 85' lang='lat' dir='ltr'>ingressi,</span> <span class='ocrx_word' id='word_1_262' title='bbox 825 2467 1034 2512; x_wconf 90' lang='lat' dir='ltr'>quorum</span> <span class='ocrx_word' id='word_1_263' title='bbox 1058 2451 1300 2498; x_wconf 89' lang='lat' dir='ltr'>naturalis</span> <span class='ocrx_word' id='word_1_264' title='bbox 1324 2451 1524 2498; x_wconf 87' lang='lat' dir='ltr'>ubertas</span> <span class='ocrx_word' id='word_1_265' title='bbox 1549 2451 1805 2497; x_wconf 86' lang='lat' dir='ltr'>licentiam</span> 
     </span>
     <span class='ocr_line' id='line_1_37' title="bbox 117 2524 1802 2586; baseline 0.001 -16"><span class='ocrx_word' id='word_1_266' title='bbox 117 2524 255 2570; x_wconf 86' lang='lat' dir='ltr'>verbi</span> <span class='ocrx_word' id='word_1_267' title='bbox 293 2526 458 2571; x_wconf 85' lang='lat' dir='ltr'>notari</span> <span class='ocrx_word' id='word_1_268' title='bbox 499 2526 793 2572; x_wconf 85' lang='lat' dir='ltr'>circumfuso</span> <span class='ocrx_word' id='word_1_269' title='bbox 818 2526 977 2572; x_wconf 88' lang='lat' dir='ltr'>nitore</span> <span class='ocrx_word' id='word_1_270' title='bbox 1009 2541 1108 2572; x_wconf 90' lang='lat' dir='ltr'>non</span> <span class='ocrx_word' id='word_1_271' title='bbox 1139 2525 1342 2586; x_wconf 89' lang='lat' dir='ltr'>patitur.</span> <span class='ocrx_word' id='word_1_272' title='bbox 1383 2541 1472 2572; x_wconf 90' lang='grc'>1166</span> <span class='ocrx_word' id='word_1_273' title='bbox 1498 2526 1802 2586; x_wconf 84' lang='lat' dir='ltr'>argumentis</span> 
     </span>
     <span class='ocr_line' id='line_1_38' title="bbox 119 2599 1803 2660; baseline 0.001 -16"><span class='ocrx_word' id='word_1_274' title='bbox 119 2601 285 2644; x_wconf 87' lang='lat' dir='ltr'>autem</span> <span class='ocrx_word' id='word_1_275' title='bbox 323 2615 411 2646; x_wconf 89' lang='lat' dir='ltr'>nec</span> <span class='ocrx_word' id='word_1_276' title='bbox 449 2599 570 2646; x_wconf 87' lang='lat' dir='ltr'>locis</span> <span class='ocrx_word' id='word_1_277' title='bbox 618 2616 707 2646; x_wconf 88' lang='grc'>1166</span> <span class='ocrx_word' id='word_1_278' title='bbox 753 2600 1030 2646; x_wconf 87' lang='lat' dir='ltr'>narrationi</span> <span class='ocrx_word' id='word_1_279' title='bbox 1077 2600 1252 2646; x_wconf 87' lang='lat' dir='ltr'>similis</span> <span class='ocrx_word' id='word_1_280' title='bbox 1302 2615 1403 2646; x_wconf 90' lang='lat' dir='ltr'>esse</span> <span class='ocrx_word' id='word_1_281' title='bbox 1450 2601 1503 2645; x_wconf 91' lang='lat' dir='ltr'>in</span> <span class='ocrx_word' id='word_1_282' title='bbox 1551 2600 1803 2660; x_wconf 88' lang='lat' dir='ltr'>prooemio</span> 
     </span>
    </p>
   </div>
   <div class='ocr_carea' id='block_1_16' title="bbox 119 2724 1805 2898">
    <p class='ocr_par' dir='ltr' id='par_1_16' title="bbox 119 2724 1805 2898">
     <span class='ocr_line' id='line_1_39' title="bbox 239 2724 1800 2783; baseline 0.001 -18"><span class='ocrx_word' id='word_1_283' title='bbox 239 2731 263 2766; x_wconf 84' lang='grc'>6</span> <span class='ocrx_word' id='word_1_284' title='bbox 296 2728 628 2781; x_wconf 88' lang='lat' dir='ltr'>praepara-tum</span> <span class='ocrx_word' id='word_1_285' title='bbox 666 2733 756 2768; x_wconf 87' lang='lat' dir='ltr'>BP</span> <span class='ocrx_word' id='word_1_286' title='bbox 904 2730 957 2768; x_wconf 85' lang='lat'>13</span> <span class='ocrx_word' id='word_1_287' title='bbox 1002 2726 1051 2768; x_wconf 87' lang='lat' dir='ltr'>in</span> <span class='ocrx_word' id='word_1_288' title='bbox 1089 2725 1193 2783; x_wconf 85' lang='lat' dir='ltr'>illa]</span> <span class='ocrx_word' id='word_1_289' title='bbox 1236 2724 1334 2768; x_wconf 81' lang='grc'>11113-</span> <span class='ocrx_word' id='word_1_290' title='bbox 1381 2733 1465 2767; x_wconf 66' lang='lat' dir='ltr'>AB</span> <span class='ocrx_word' id='word_1_291' title='bbox 1501 2724 1551 2767; x_wconf 90' lang='lat' dir='ltr'>in</span> <span class='ocrx_word' id='word_1_292' title='bbox 1588 2724 1685 2768; x_wconf 87' lang='grc'>11113</span> <span class='ocrx_word' id='word_1_293' title='bbox 1719 2733 1763 2766; x_wconf 90' lang='grc' dir='ltr'><strong><em>Ρ</em></strong></span> <span class='ocrx_word' id='word_1_294' title='bbox 1795 2726 1800 2783; x_wconf 57' lang='grc' dir='ltr'><strong>ᾖ</strong></span> 
     </span>
     <span class='ocr_line' id='line_1_40' title="bbox 119 2785 1592 2828; baseline 0 -2"><span class='ocrx_word' id='word_1_295' title='bbox 119 2786 190 2826; x_wconf 81' lang='lat' dir='ltr'>est</span> <span class='ocrx_word' id='word_1_296' title='bbox 221 2797 291 2827; x_wconf 83' lang='lat' dir='ltr'>om</span> <span class='ocrx_word' id='word_1_297' title='bbox 321 2792 410 2826; x_wconf 87' lang='lat' dir='ltr'>BP</span> <span class='ocrx_word' id='word_1_298' title='bbox 621 2790 674 2828; x_wconf 87' lang='grc'>16</span> <span class='ocrx_word' id='word_1_299' title='bbox 709 2785 822 2827; x_wconf 85' lang='lat' dir='ltr'>artis</span> <span class='ocrx_word' id='word_1_300' title='bbox 856 2788 927 2827; x_wconf 87' lang='lat' dir='ltr'>est</span> <span class='ocrx_word' id='word_1_301' title='bbox 957 2794 1020 2826; x_wconf 75' lang='lat' dir='ltr'>ab</span> <span class='ocrx_word' id='word_1_302' title='bbox 1232 2789 1285 2827; x_wconf 80' lang='lat'>18</span> <span class='ocrx_word' id='word_1_303' title='bbox 1318 2785 1412 2827; x_wconf 85' lang='lat' dir='ltr'>iam</span> <span class='ocrx_word' id='word_1_304' title='bbox 1446 2799 1515 2828; x_wconf 83' lang='lat' dir='ltr'>om</span> <span class='ocrx_word' id='word_1_305' title='bbox 1547 2792 1592 2826; x_wconf 89' lang='lat' dir='ltr'><em>B</em></span> 
     </span>
     <span class='ocr_line' id='line_1_41' title="bbox 123 2843 1805 2898; baseline 0.001 -14"><span class='ocrx_word' id='word_1_306' title='bbox 123 2847 174 2884; x_wconf 88' lang='lat'>19</span> <span class='ocrx_word' id='word_1_307' title='bbox 207 2846 261 2885; x_wconf 87' lang='lat' dir='ltr'>ut</span> <span class='ocrx_word' id='word_1_308' title='bbox 293 2844 419 2898; x_wconf 88' lang='lat' dir='ltr'>apud</span> <span class='ocrx_word' id='word_1_309' title='bbox 459 2846 657 2888; x_wconf 81' lang='lat' dir='ltr'>Asverus</span> <span class='ocrx_word' id='word_1_310' title='bbox 780 2849 833 2886; x_wconf 72' lang='lat'>25</span> <span class='ocrx_word' id='word_1_311' title='bbox 867 2844 987 2886; x_wconf 89' lang='lat' dir='ltr'>illud</span> <span class='ocrx_word' id='word_1_312' title='bbox 1019 2858 1089 2887; x_wconf 88' lang='lat' dir='ltr'>om</span> <span class='ocrx_word' id='word_1_313' title='bbox 1120 2853 1157 2885; x_wconf 77' lang='lat' dir='ltr'><strong><em>A</em></strong></span> <span class='ocrx_word' id='word_1_314' title='bbox 1281 2849 1334 2886; x_wconf 76' lang='lat'>‘26</span> <span class='ocrx_word' id='word_1_315' title='bbox 1370 2843 1632 2887; x_wconf 88' lang='lat' dir='ltr'>obsoletum</span> <span class='ocrx_word' id='word_1_316' title='bbox 1671 2857 1697 2886; x_wconf 90' lang='grc'>3</span> <span class='ocrx_word' id='word_1_317' title='bbox 1730 2856 1805 2886; x_wconf 87' lang='lat' dir='ltr'><strong>ve-</strong></span> 
     </span>
    </p>
   </div>
   <div class='ocr_carea' id='block_1_17' title="bbox 120 2903 1537 3019">
    <p class='ocr_par' dir='ltr' id='par_1_17' title="bbox 120 2903 1537 3019">
     <span class='ocr_line' id='line_1_42' title="bbox 120 2903 1108 2958; baseline 0.003 -14"><span class='ocrx_word' id='word_1_318' title='bbox 120 2904 296 2944; x_wconf 78' lang='lat' dir='ltr'>tustate</span> <span class='ocrx_word' id='word_1_319' title='bbox 338 2903 394 2945; x_wconf 79' lang='lat' dir='ltr'>Vt</span> <span class='ocrx_word' id='word_1_320' title='bbox 418 2917 454 2958; x_wconf 76' lang='lat' dir='ltr'>p</span> <span class='ocrx_word' id='word_1_321' title='bbox 485 2908 571 2945; x_wconf 78' lang='lat'>423</span> <span class='ocrx_word' id='word_1_322' title='bbox 696 2909 749 2947; x_wconf 76' lang='lat'>28</span> <span class='ocrx_word' id='word_1_323' title='bbox 785 2903 909 2945; x_wconf 87' lang='lat' dir='ltr'>enim</span> <span class='ocrx_word' id='word_1_324' title='bbox 941 2917 1010 2946; x_wconf 84' lang='lat' dir='ltr'>om</span> <span class='ocrx_word' id='word_1_325' title='bbox 1053 2905 1108 2947; x_wconf 72' lang='lat' dir='ltr'>Vc</span> 
     </span>
     <span class='ocr_line' id='line_1_43' title="bbox 1451 2977 1537 3019; baseline -0.023 0"><span class='ocrx_word' id='word_1_326' title='bbox 1451 2977 1537 3019; x_wconf 75' lang='lat'>13*</span> 
     </span>
    </p>
   </div>
   <div class='ocr_carea' id='block_1_18' title="bbox 1827 1043 1890 1088">
    <p class='ocr_par' dir='ltr' id='par_1_18' title="bbox 1827 1043 1890 1088">
     <span class='ocr_line' id='line_1_44' title="bbox 1827 1043 1890 1088; baseline 0 0"><span class='ocrx_word' id='word_1_327' title='bbox 1827 1043 1890 1088; x_wconf 78' lang='lat'>56</span> 
     </span>
    </p>
   </div>
   <div class='ocr_carea' id='block_1_19' title="bbox 1829 1267 1887 1310">
    <p class='ocr_par' dir='ltr' id='par_1_19' title="bbox 1829 1267 1887 1310">
     <span class='ocr_line' id='line_1_45' title="bbox 1829 1267 1887 1310; baseline 0 0"><span class='ocrx_word' id='word_1_328' title='bbox 1829 1267 1887 1310; x_wconf 81' lang='lat'>57</span> 
     </span>
    </p>
   </div>
   <div class='ocr_carea' id='block_1_20' title="bbox 1829 1860 1891 1904">
    <p class='ocr_par' dir='ltr' id='par_1_20' title="bbox 1829 1860 1891 1904">
     <span class='ocr_line' id='line_1_46' title="bbox 1829 1860 1891 1904; baseline 0 0"><span class='ocrx_word' id='word_1_329' title='bbox 1829 1860 1891 1904; x_wconf 83' lang='lat'>58</span> 
     </span>
    </p>
   </div>
   <div class='ocr_carea' id='block_1_21' title="bbox 1831 2229 1893 2273">
    <p class='ocr_par' dir='ltr' id='par_1_21' title="bbox 1831 2229 1893 2273">
     <span class='ocr_line' id='line_1_47' title="bbox 1831 2229 1893 2273; baseline -0.016 0"><span class='ocrx_word' id='word_1_330' title='bbox 1831 2229 1893 2273; x_wconf 79' lang='lat'>59</span> 
     </span>
    </p>
   </div>
   <div class='ocr_carea' id='block_1_22' title="bbox 1830 2526 1894 2569">
    <p class='ocr_par' dir='ltr' id='par_1_22' title="bbox 1830 2526 1894 2569">
     <span class='ocr_line' id='line_1_48' title="bbox 1830 2526 1894 2569; baseline 0 0"><span class='ocrx_word' id='word_1_331' title='bbox 1830 2526 1894 2569; x_wconf 87' lang='grc'>60</span> 
     </span>
    </p>
   </div>
  </div>
 </body>
</html>
