2007 3120
173 49 244 101 94
605 92 609 95 ,
672 49 1045 103 QVINTILIANI
1074 51 1224 97 INST.
1259 51 1350 95 ΟΒ.

171 189 330 249 magis
355 188 513 235 adhuc
539 188 763 236 fabulosa
801 189 986 236 frustra
1024 189 1152 236 inter
1183 191 1466 250 sponsiones
1500 193 1549 237 et
1577 191 1840 239 interdicta

172 276 471 321 quaeremus.
529 262 646 322 quid
701 261 850 324 ergo‘?
899 278 1168 323 numquam
1219 263 1340 309 haec
1391 279 1540 324 supra
1592 263 1737 311 fidem
1791 267 1840 312 et

171 335 379 394 poetica,
420 336 476 380 ut
515 351 627 381 vere
666 335 884 395 dixerim,
922 336 1142 382 themata
1179 336 1441 383 iuvenibus
1479 339 1691 384 tractare
1732 354 1838 399 per-

169 408 441 466 mittamus,
480 409 539 454 ut
577 410 911 469 exspatientur
950 410 1000 455 et
1049 409 1300 470 gaudeant
1345 411 1554 456 materia
1601 413 1649 456 et
1696 411 1840 472 quasi

114 487 143 530 6
169 481 220 526 in
260 495 435 541 corpus
475 480 624 527 eant‘?
663 483 757 528 erit
797 483 1052 542 optimum,
1092 482 1175 528 sed
1216 485 1344 528 certe
1392 484 1490 529 sint
1537 483 1742 545 grandia
1789 486 1839 531 et
1885 501 1905 534 5

169 553 373 613 tumida,
429 569 525 600 non
581 555 732 601 stulta
787 556 937 601 etiam
991 556 1040 601 et
1095 555 1362 602 acrioribus
1418 556 1570 602 oculis
1624 557 1839 603 intuenti

169 626 390 686 ridicula,
430 629 499 686 ut,
539 628 580 674 si
619 629 716 673 iam
758 627 1024 675 cedendum
1065 630 1152 686 est,
1190 629 1396 688 impleat
1443 644 1491 676 se
1540 629 1840 677 declamator

170 699 449 759 aliquando,
489 700 604 746 dum
645 703 782 760 sciat,
821 704 878 746 ut
917 701 1270 762 quadrupedes,
1311 717 1420 748 cum
1458 701 1607 749 viridi
1656 702 1839 762 pabulo

169 772 410 819 distentae
464 775 594 833 sunt,
645 774 898 837 sanguinis
939 774 1238 821 detractione
1286 776 1521 821 curantur
1567 778 1614 821 et
1660 776 1729 823 sic
1776 776 1839 823 ad

171 846 303 892 cibos
335 845 521 893 viribus
555 847 898 894 conservandis
930 847 1129 894 idoneos
1161 847 1379 906 redeunt,
1418 849 1492 894 ita
1524 848 1616 895 sibi
1642 865 1836 910 quoque
1862 867 1904 899 ιο

167 919 438 965 tenuandas
480 919 661 981 adipes,
701 923 749 967 et
783 920 1018 982 quidquid
1044 922 1226 968 umoris
1260 923 1477 982 corrupti
1518 923 1836 983 contraxerit,

116 999 137 1041 7
169 993 505 1051 emittendum,
538 995 580 1040 si
613 1009 713 1041 esse
748 1009 893 1041 sanus
928 1009 984 1040 ac
1015 994 1242 1042 robustus
1267 994 1413 1041 volet.
1455 995 1643 1056 alioqui
1672 997 1838 1043 tumor
1990 962 2007 1017 1

168 1065 252 1112 ille
302 1067 463 1113 inanis
503 1068 662 1127 primo
715 1069 950 1128 cuiusque
1002 1069 1105 1114 veri
1155 1068 1313 1128 operis
1355 1070 1535 1114 conatu
1575 1068 1836 1128 deprehen·
1988 1018 2007 1123 ’ἓ

169 1138 323 1186 detur.
365 1142 526 1186 totum
565 1143 729 1186 autem
770 1140 1077 1187 declamandi
1117 1156 1237 1201 opus
1279 1142 1365 1202 qui
1412 1140 1656 1188 diversum
1705 1143 1839 1188 omni

167 1213 310 1259 modo
352 1229 380 1259 a
418 1213 690 1260 forensibus
731 1214 888 1261 causis
929 1214 1223 1274 existimant,
1262 1214 1315 1260 hi
1353 1215 1572 1275 profecto
1603 1231 1662 1262 ne
1686 1217 1837 1262 ratio-
1862 1233 1904 1266 15

167 1301 278 1332 nem
318 1287 528 1347 quidem,
585 1303 681 1348 qua
718 1289 815 1334 ista
855 1287 1138 1335 exercitatio
1185 1287 1386 1334 inventa
1432 1288 1510 1347 sit,
1560 1289 1838 1350 pervident3

110 1364 138 1408 8
166 1375 280 1405 nam
320 1361 362 1406 si
400 1360 504 1406 foro
544 1376 642 1407 non
681 1364 958 1421 praeparat,
998 1363 1086 1407 aut
1125 1362 1372 1408 scaenicae
1399 1362 1720 1408 ostentationi
1751 1366 1839 1409 aut

165 1432 380 1480 furiosae
432 1434 773 1480 vociferationi
819 1435 1125 1481 simillimum
1173 1437 1258 1481 est.
1315 1434 1433 1495 quid
1481 1436 1610 1481 enim
1657 1436 1839 1483 attinet

165 1506 377 1552 iudicem
415 1522 726 1568 praeparare,
767 1508 853 1568 qui
891 1508 1054 1554 nullus
1095 1506 1202 1554 est?
1248 1523 1461 1568 narrare,
1503 1508 1632 1568 quod
1671 1524 1836 1556 omnes

166 1581 325 1626 sciant
364 1578 575 1627 falsum‘?
615 1580 928 1641 probationes
969 1581 1197 1628 adhibere
1238 1595 1426 1641 causae,
1467 1581 1524 1628 de
1566 1597 1663 1642 qua
1693 1598 1834 1629 nemo
1860 1599 1902 1631 20

166 1654 231 1700 sit
269 1652 710 1713 pronuntiaturus?
751 1657 797 1701 et
837 1655 955 1701 haec
995 1654 1193 1715 quidem
1233 1656 1389 1701 otiosa
1428 1658 1644 1701 tantum:
1693 1654 1836 1702 adfici

169 1742 282 1772 vero
324 1730 371 1773 et
416 1728 490 1774 ira
537 1728 615 1774 vel
660 1728 796 1774 luctu
846 1728 1116 1788 permoveri
1173 1728 1311 1775 cuius
1360 1731 1434 1775 est
1479 1728 1694 1789 ludibrii,
1741 1729 1836 1776 nisi

168 1799 461 1860 quibusdam
498 1817 694 1862 pugnae
734 1802 1009 1848 simulacris
1050 1801 1112 1848 ad
1151 1817 1321 1848 verum
1361 1801 1619 1848 discrimen
1659 1802 1834 1848 aciem-

110 1883 139 1925 9
166 1889 258 1934 que
297 1875 478 1920 iustam
518 1873 909 1922 consuescimus?
960 1875 1084 1921 nihil
1125 1890 1239 1937 ergo
1286 1876 1416 1921 inter
1454 1875 1642 1922 forense
1683 1890 1834 1938 genus

166 1946 358 1993 dicendi
396 1950 546 2007 atque
593 1948 683 1994 hoc
731 1948 1132 1995 declamatorium
1182 1946 1440 1994 intererit?
1495 1949 1537 1995 si
1585 1949 1834 2009 profectus
1859 1965 1900 1998 25

165 2021 328 2081 gratia
368 2020 587 2080 dicimus,
627 2022 764 2068 nihil.
812 2023 1100 2081 utinamque
1150 2021 1275 2068 adici
1328 2021 1389 2067 ad
1435 2021 1835 2069 consuetudinem

165 2097 343 2154 posset,
382 2096 436 2139 ut
476 2095 754 2141 nominibus
794 2098 1043 2141 uteremur
1082 2097 1131 2141 et
1169 2095 1428 2155 perplexae
1468 2096 1624 2158 magis
1658 2097 1707 2143 et
1729 2096 1833 2142 lon-

165 2167 315 2228 gioris
356 2168 620 2228 aliquando
662 2171 800 2215 actus
841 2169 1200 2215 controversiae
1240 2168 1540 2231 fingerentur
1591 2170 1639 2215 et
1685 2168 1833 2215 verba

163 2241 213 2285 in
254 2256 345 2287 usu
385 2241 630 2288 cotidiano
670 2242 829 2302 posita
869 2244 1029 2288 minus
1069 2244 1349 2289 timeremus
1389 2244 1438 2289 et
1469 2244 1598 2288 iocos
1623 2243 1833 2290 inserere

164 2315 312 2360 moris
353 2318 498 2362 esset:
540 2330 667 2376 quae
705 2331 807 2374 nos,
849 2314 1120 2376 quamlibet
1158 2332 1245 2376 per
1283 2316 1383 2362 alia
1421 2316 1473 2361 in
1498 2315 1674 2362 scholis
1700 2331 1832 2362 exer·
1856 2331 1899 2364 so

77 2396 140 2440 10
165 2386 304 2433 citati
344 2389 508 2448 simus,
548 2390 730 2436 tirones
770 2390 820 2434 in
861 2389 968 2436 foro
1007 2390 1276 2435 inveniunt.
1326 2390 1367 2436 si
1413 2404 1527 2435 vero
1572 2390 1626 2434 in
1673 2392 1831 2436 osten-

163 2462 402 2508 tationem
442 2466 749 2523 comparetur
788 2462 1093 2522 declamatio,
1133 2462 1492 2522 sam-paulum
1531 2462 1722 2523 aliquid
1758 2464 1831 2508 in-

1987 2559 2003 2579 i

1985 2582 2005 2650 ἰ

283 2664 307 2702 3
340 2660 660 2715 permittemus
695 2669 737 2702 P
853 2667 879 2703 4
911 2663 963 2703 ut
995 2664 1041 2703 et
1073 2661 1331 2716 spatientur
1361 2661 1396 2714 (i
1426 2674 1447 2703 e
1479 2661 1616 2715 ecsp.)
1648 2668 1684 2701 A

165 2723 189 2761 5
223 2719 311 2760 erit
341 2727 397 2760 A:
432 2721 530 2762 erat
561 2720 666 2761 ΒΡ1
759 2725 811 2762 11
845 2720 1102 2762 tenuandos
1135 2728 1253 2762 PTL
1353 2724 1404 2763 13
1439 2719 1765 2773 cuiuscumque
1787 2726 1834 2761 B

284 2782 336 2819 15
369 2777 417 2819 hi
450 2792 518 2820 om
549 2785 594 2820 B
713 2783 764 2820 31
798 2778 1056 2821 invenimur
1086 2787 1122 2820 Α
1155 2780 1205 2821 in
1236 2792 1313 2822 ras
1434 2782 1486 2820 32
1520 2777 1742 2820 inclinare
1767 2785 1827 2821 A:

163 2835 412 2878 inclamare
444 2844 532 2878 BP
