2055 3130
258 47 361 98 186
746 47 1120 99 QVINTILIANI
1149 49 1215 91 IN
1218 49 1299 93 ST.
1334 49 1425 92 OR.

253 200 359 233 sam
398 188 679 249 cognoverit
717 189 887 246 prosit,
926 188 1196 249 vitioseque
1233 188 1287 234 in
1318 189 1496 236 scholis
1528 190 1748 250 facimus,
1790 190 1921 251 quod

253 258 450 306 exordio
491 274 679 321 semper
717 262 788 306 sic
826 262 1032 320 utimur,
1088 260 1228 322 quasi
1266 277 1464 308 causam
1501 263 1645 310 iudex
1690 263 1791 309 iam
1835 279 1919 310 no-

192 331 226 375 4
252 333 391 378 verit.
444 334 580 379 cuius
618 335 692 379 rei
728 333 930 381 licentia
969 350 1027 380 ex
1070 335 1162 382 hoc
1201 339 1293 395 est,
1342 336 1472 395 quod
1519 338 1630 382 ante
1677 336 1918 383 declama-

250 407 435 452 tionem
473 405 562 451 flla
600 406 737 459 velut
761 408 924 468 imago
949 408 1051 454 litis
1078 409 1349 468 exponitur.
1390 408 1473 454 sed
1504 410 1556 454 in
1587 410 1694 455 foro
1727 425 1920 470 quoque

253 479 532 539 contingere
579 479 714 525 istud
759 481 1114 540 principiorum
1167 497 1319 544 genus
1374 482 1598 529 secundis
1645 482 1919 530 actionibus

250 554 426 611 potest,
465 553 637 611 primis
679 553 874 612 quidem
912 570 1023 601 raro
1063 570 1310 615 umquam,
1350 556 1447 601 nisi
1476 555 1602 602 forte
1635 556 1765 615 apud
1797 571 1920 616 eum,

253 626 332 671 cui
369 639 445 670 res
484 627 584 670 iam
624 625 820 672 aliunde
860 630 977 673 nota
1016 629 1095 686 sit,
1135 629 1354 675 dicimus.

194 698 224 741 5
363 696 520 744 Causa
552 699 784 758 principii
815 701 952 745 nulla
984 701 1083 746 alia
1115 704 1202 759 est,
1244 717 1392 761 quam
1421 704 1477 747 ut
1502 701 1790 761 auditorem,
1824 717 1919 763 quo

251 772 316 817 sit
356 770 494 818 nobis
534 773 586 817 in
626 774 797 818 ceteris
837 773 1059 833 partibus
1092 774 1520 834 accommodatior,
1559 790 1920 836 praeparemus.

250 844 301 890 id
339 843 445 890 fieri
481 844 640 891 tribus
679 847 888 892 maxime
927 847 1070 894 rebus
1109 850 1239 895 inter
1278 852 1499 894 auctores
1538 849 1776 908 plurimos
1809 864 1919 896 con-

250 920 364 975 stat,
396 919 439 964 si
476 917 844 978 benevolum,
884 923 1192 980 attentum,
1233 921 1483 968 docilem
1521 922 1792 980 fecerimus,
1824 937 1920 969 non

251 992 368 1051 quia
406 992 503 1037 ista
542 1008 639 1038 11011
685 1008 772 1052 per
816 996 974 1039 totam
1023 996 1263 1041 actionem
1310 997 1410 1041 sint
1460 995 1789 1054 custodienda,
1838 995 1920 1041 sed

252 1066 369 1124 quia
407 1066 565 1112 initiis
604 1068 866 1125 praecipue
905 1070 1192 1127 necessaria,
1231 1083 1319 1128 per
1357 1058 1481 1128 quae
1512 1070 1564 1114 in
1590 1070 1808 1114 animum
1847 1071 1919 1114 iu-

250 1137 386 1195 dicis,
426 1142 481 1184 ut
519 1139 778 1198 procedere
817 1140 947 1186 ultra
987 1142 1243 1200 possimus,
1284 1141 1602 1187 admittimur.

191 1212 222 1254 (ί
359 1211 752 1258 Benivolentiam
820 1216 905 1259 aut
968 1229 996 1260 a
1064 1216 1285 1274 personis
1348 1214 1460 1261 duci
1528 1218 1615 1261 aut
1675 1230 1704 1261 a
1759 1217 1918 1262 causis

250 1286 539 1345 accepimus.
595 1286 679 1332 sed
726 1302 1043 1346 personarum
1089 1303 1185 1335 non
1226 1291 1312 1342 est,
1352 1292 1408 1334 ut
1446 1288 1666 1348 plerique
1706 1288 1918 1335 credide-

248 1361 376 1417 runt,
415 1358 596 1417 triplex
634 1359 776 1417 ratio,
828 1376 885 1406 ex
931 1361 1184 1422 litigatore
1225 1364 1272 1408 et-
1319 1361 1598 1408 adversario
1646 1365 1693 1408 et
1739 1362 1920 1409 iudice:

248 1447 363 1477 nam
402 1432 652 1478 exordium
694 1432 806 1480 duci
843 1449 1210 1494 nonnumquam
1251 1437 1400 1481 etiam
1441 1434 1501 1481 ab
1541 1438 1703 1482 actore
1744 1450 1919 1482 causae

200 1523 214 1547 a
248 1505 384 1551 solet.
427 1521 723 1566 quamquam
757 1509 886 1553 enim
917 1510 1149 1567 pauciora
1183 1508 1241 1555 de
1273 1523 1322 1555 se
1347 1510 1454 1568 ipso
1487 1507 1608 1554 dicit
1639 1512 1687 1555 et
1710 1510 1919 1568 parcius,

248 1579 516 1637 plurimum
553 1583 718 1626 tamen
761 1580 820 1627 ad
861 1583 1025 1627 omnia
1062 1584 1298 1628 momenti
1338 1585 1410 1628 est
1460 1583 1510 1627 in
1550 1582 1642 1629 hoc
1688 1583 1917 1642 positum,

249 1653 291 1697 si
329 1653 405 1697 vir
443 1651 597 1699 bonus
638 1654 864 1700 creditur.
906 1656 975 1702 sic
1009 1657 1136 1701 enim
1170 1657 1435 1718 continget,
1474 1657 1530 1702 ut
1563 1670 1658 1702 non
1698 1655 1919 1702 studium

248 1724 477 1772 advocati
515 1726 744 1773 videatur
783 1727 985 1785 adferre,
1034 1728 1117 1774 sed
1157 1744 1311 1788 paene
1360 1730 1500 1775 testis
1553 1728 1713 1775 fidem.
1768 1744 1918 1789 quare

248 1800 301 1844 in
340 1801 511 1859 primis
552 1801 858 1848 existimetur
896 1804 1085 1848 venisse
1135 1803 1196 1848 ad
1247 1802 1488 1864 agendum
1535 1802 1709 1849 ductus
1757 1802 1917 1849 officio

248 1873 326 1917 vel
367 1875 672 1929 cognationis
711 1875 789 1921 vel
829 1877 1091 1934 amicitiae,
1130 1878 1450 1935 maximeque,
1497 1877 1540 1922 si
1577 1875 1684 1922 fieri
1721 1877 1918 1935 poterit,

247 1947 319 1992 rei
373 1946 597 2005 publicae
653 1951 739 1993 aut
793 1949 998 1995 alicuius
1051 1952 1177 1995 certe
1232 1965 1328 1996 non
1382 1949 1639 1996 mediocris
1693 1949 1915 2009 exempli.

251 2019 380 2079 quod
412 2021 515 2066 sine
549 2020 695 2067 dubio
735 2023 889 2068 multo
928 2024 1085 2084 magis
1118 2024 1239 2082 ipsis
1271 2022 1607 2084 litigatoribus
1640 2023 1919 2070 faciendum

248 2096 334 2150 est,
388 2096 442 2139 ut
490 2093 549 2140 ad
603 2095 846 2155 agendum
899 2111 1080 2157 magna
1132 2101 1278 2156 atque
1332 2096 1537 2142 honesta
1586 2098 1776 2142 ratione
1833 2099 1919 2142 aut

192 2166 220 2209 8
251 2167 400 2212 etiam
439 2169 728 2214 necessitate
777 2171 1035 2216 accessisse
1090 2169 1363 2216 videantur.
1419 2169 1504 2216 sed
1545 2173 1601 2216 ut
1654 2171 1918 2229 praecipua

248 2239 296 2284 in
337 2240 428 2286 hoc
468 2241 672 2288 dicentis
714 2244 998 2300 auctoritas,
1046 2245 1088 2289 si
1127 2245 1283 2289 omnis
1323 2245 1374 2288 in
1421 2242 1672 2289 subeundo
1718 2244 1916 2305 negotio

248 2315 460 2373 suspicio
501 2314 717 2361 sordium
757 2319 843 2362 aut
882 2315 1103 2362 odiorum
1143 2320 1227 2362 aut
1269 2315 1552 2362 ambitionis
1604 2316 1798 2374 afuerit,
1843 2318 1916 2362 ita
1941 2333 1959 2362 3

249 2387 488 2446 quaedam
526 2389 579 2433 in
617 2388 691 2435 his
734 2405 926 2450 quoque
966 2389 1322 2436 commendatio
1360 2391 1528 2448 tacita,
1576 2391 1619 2435 si
1657 2405 1744 2436 nos
1784 2389 1915 2435 infir-

246 2475 367 2518 mos,
406 2463 689 2520 imparatos,
739 2464 951 2523 impares
992 2465 1243 2524 agentium
1284 2467 1452 2509 contra
1491 2464 1702 2524 ingeniis
1741 2462 1914 2509 dixeri-

191 2534 219 2576 9
246 2549 368 2592 111118,
420 2534 590 2594 qualia
628 2538 742 2581 sunt
779 2537 1013 2597 pleraque
1053 2537 1290 2583 Messalae
1338 2538 1601 2596 prooemia.
1665 2539 1740 2582 est
1786 2537 1916 2582 enim

368 2666 387 2702 1
430 2661 576 2715 prosit
618 2668 721 2703 BP:
770 2661 917 2715 possit
956 2669 991 2703 A
1031 2662 1082 2714 cf
1117 2662 1337 2718 Dionysii
1375 2662 1528 2704 Halic.
1577 2662 1630 2705 de
1673 2659 1819 2716 Lysia
1859 2664 1917 2703 17

365 2726 388 2760 3
423 2719 496 2761 cui
527 2720 593 2762 rei
625 2728 660 2760 A
814 2727 863 2762 11
898 2720 1060 2763 feceris
1095 2720 1214 2764 Cass.
1246 2721 1353 2764 hinc
1383 2721 1433 2773 cf
1469 2721 1522 2762 Vt
1548 2734 1582 2774 p
1613 2724 1694 2762 421
1728 2733 1777 2774 sq

249 2784 301 2820 15
336 2778 546 2820 ducimus
578 2805 635 2810 —-
667 2778 919 2834 accipimus
951 2787 987 2820 A
1116 2783 1168 2821 21
1203 2779 1433 2834 contingit
1464 2787 1498 2819 A
1620 2783 1674 2821 25
1707 2777 1915 2833 exemplo

249 2837 302 2879 G.
332 2838 490 2892 Dleyer
609 2842 662 2879 32
694 2836 947 2893 imparatos
978 2846 1035 2880 A:
1069 2841 1115 2881 et
1146 2845 1190 2879 P
1217 2851 1286 2881 om
1317 2845 1362 2880 Β

1945 855 2055 898 ια’

1945 1233 1984 1265 15

1943 1599 1985 1631 20

1942 1966 1982 1998 25
