2007 3120
804 73 838 117 I.
889 78 928 126 1,
963 78 1120 116 2—14.
1776 73 1809 125 9

119 231 222 263 esse
270 230 436 262 curam
483 214 647 272 velim,
696 216 784 260 aut
823 229 873 261 se
912 230 1012 260 non
1052 229 1155 261 esse
1196 214 1416 261 eruditos
1457 215 1629 262 sciant.
1683 214 1812 261 nihil

118 292 193 337 est
241 290 379 350 peius
429 288 507 347 iiS,
559 287 645 348 qui
693 288 900 348 paulum
952 287 1142 348 aliquid
1193 289 1330 336 ultra
1380 289 1566 349 primas
1616 289 1810 336 litteras

116 364 365 425 progressi
424 362 602 409 falsam
660 361 756 408 sibi
810 363 1046 408 scientiae
1103 364 1474 423 persuasionem
1527 361 1809 410 induerunt.

117 453 233 484 nam
281 438 330 483 et
370 437 538 483 cedere
576 436 915 497 praecipiendi
954 435 1180 496 partibus
1220 436 1546 500 indignantur
1585 439 1635 483 et
1672 437 1813 483 velut

73 528 92 560 5
116 511 222 558 iure
261 509 476 571 quodam
514 510 794 571 potestatis,
842 525 939 570 quo
979 510 1081 557 fere
1119 511 1212 557 hoc
1249 511 1505 558 hominum
1545 526 1698 573 genus
1738 510 1810 556 in-

114 584 359 644 tumescit,
422 585 678 644 imperiosi
739 587 888 645 atque
949 586 1151 631 interim
1215 587 1488 632 saevientes
1543 585 1812 633 stultitiam

115 674 259 706 suam
304 659 585 719 perdocent.
653 674 743 705 nec
788 659 951 705 minus
1000 674 1134 705 error
1181 674 1350 706 eorum
1397 661 1542 707 nocet
1578 658 1812 718 moribus,
1839 664 1869 708 9

117 734 160 780 51
192 732 391 793 quidem
421 732 666 780 Leonides
697 732 972 779 Alexandri
1003 733 1338 795 paedagogus,
1383 737 1439 780 ut
1473 749 1501 780 a
1532 733 1811 794 Babylonio

115 806 337 870 Diogene
377 807 607 865 traditur,
655 806 951 867 quibusdam
999 823 1109 854 eum
1148 807 1286 854 vitiis
1325 807 1521 867 imbuit,
1571 822 1695 868 quae
1735 822 1811 854 ro-

49 897 91 929 10
114 880 316 928 bustum
367 897 563 942 quoque
611 884 660 928 et
705 882 807 927 iam
854 882 1123 927 maximum
1169 897 1337 945 regem
1385 881 1446 928 ab
1486 881 1575 928 illa
1616 881 1812 928 institu-

50 1270 90 1301 15

49 2013 90 2044 25

50 2383 92 2414 30

114 956 249 1002 tione
287 956 469 1016 puerili
507 958 625 1002 sunt
664 960 933 1016 persecuta.

230 1028 283 1076 Si
323 1031 403 1078 cui
440 1029 601 1076 multa
640 1029 813 1076 videor
853 1031 1060 1092 exigere,
1102 1032 1288 1092 cogitet
1320 1033 1569 1078 oratorem
1600 1030 1812 1086 institui,
1839 1027 1902 1071 10

114 1119 219 1151 rem
259 1103 464 1151 arduam
506 1104 656 1151 etiam
699 1120 810 1151 cum
849 1104 893 1150 ei
933 1104 1192 1151 formando
1233 1104 1357 1150 nihil
1398 1105 1625 1165 defuerit,
1673 1120 1812 1166 prae-

113 1180 251 1225 terea
295 1178 442 1239 plura
489 1193 546 1225 ac
593 1177 876 1225 difficiliora
924 1194 1198 1240 superesse:
1254 1195 1370 1226 nam
1411 1182 1461 1226 et
1501 1178 1664 1226 studio
1703 1193 1808 1240 per-

115 1254 266 1314 petuo
314 1255 364 1299 et
415 1252 859 1313 praestantissimis
909 1252 1310 1314 praeceptoribus
1360 1257 1409 1300 et
1459 1253 1688 1314 plurimis
1742 1252 1814 1298 di-

115 1326 336 1388 sciplinis
386 1342 510 1388 opus
559 1330 647 1374 est.
712 1330 1015 1388 quapropter
1063 1327 1414 1388 praecipienda
1454 1331 1572 1375 sunt
1612 1329 1813 1388 optima,
1841 1324 1900 1368 11

117 1416 245 1461 quae
278 1402 322 1448 si
353 1401 465 1463 quis
499 1400 805 1464 gravabitur,
845 1418 942 1448 non
975 1401 1160 1448 rationi
1192 1401 1454 1460 defuerint,
1495 1401 1579 1448 sed
1611 1401 1812 1448 homini.

116 1477 159 1522 si
182 1477 350 1522 tamen
374 1491 473 1522 non
498 1476 751 1538 continget
777 1476 947 1537 quales
966 1476 1179 1523 maxime
1197 1476 1347 1523 velim
1364 1477 1597 1535 nutrices,
1620 1491 1814 1537 pueros,

115 1549 430 1611 paedagogos
463 1549 657 1608 habere,
691 1558 745 1597 at
775 1565 900 1597 unus
935 1553 1064 1598 certe
1098 1552 1164 1598 sit
1197 1550 1431 1598 adsiduus
1457 1550 1691 1612 loquendi
1715 1567 1813 1597 non

49 1642 67 1671 ε
114 1625 370 1684 inperitus,
414 1625 512 1684 qui,
553 1624 594 1671 si
636 1639 734 1685 qua
774 1628 918 1671 erunt
958 1624 1017 1671 ab
1051 1625 1127 1672 his
1160 1629 1416 1686 praesente
1448 1625 1648 1672 alumno
1681 1625 1816 1671 dicta

115 1699 308 1758 vitiose,
342 1699 560 1760 corrigat
592 1700 818 1760 protinus
853 1714 940 1746 nec
972 1699 1185 1746 insidere
1217 1700 1292 1746 illi
1326 1699 1472 1757 sinat,
1505 1699 1624 1746 dum
1647 1702 1814 1746 tamen

114 1772 438 1834 intellegatur
467 1772 534 1831 id,
569 1772 701 1833 quod
733 1772 869 1834 prius
904 1773 1018 1832 dixi,
1050 1773 1234 1821 bonum
1260 1789 1378 1833 esse,
1410 1774 1503 1821 hoc
1528 1773 1814 1820 remedium.

226 1846 272 1892 A
305 1861 527 1894 sermone
554 1844 741 1894 Graeco
766 1863 976 1908 puerum
999 1847 1216 1908 incipere
1242 1848 1389 1906 malo,
1422 1849 1538 1909 quia
1563 1847 1815 1907 Latinum,
1842 1854 1903 1898 12

117 1922 202 1981 qui
252 1920 478 1982 pluribus
531 1921 584 1967 in
634 1937 726 1969 usu
778 1924 864 1981 est,
924 1922 999 1969 vel
1049 1923 1190 1969 nobis
1242 1922 1524 1969 nolentibus
1575 1921 1813 1983 perbibet,

115 1995 263 2042 simul
314 1996 433 2056 quia
483 1995 758 2057 disciplinis
812 2011 1005 2057 quoque
1047 1995 1245 2044 Graecis
1296 1996 1434 2057 prius
1480 1995 1814 2044 instituendus

116 2071 205 2129 est,
244 2071 376 2116 unde
417 2072 466 2117 et
505 2073 703 2117 nostrae
735 2070 998 2118 fluxerunt.
1039 2087 1137 2118 non
1169 2073 1337 2118 tamen
1371 2071 1461 2118 hoc
1494 2070 1614 2118 adeo
1648 2086 1814 2131 super·
1842 2077 1905 2122 13

115 2143 306 2192 stitiose
355 2142 464 2191 fieri
514 2145 679 2204 velim,
730 2149 787 2191 ut
838 2145 923 2191 diu
973 2147 1170 2192 tantum
1212 2145 1395 2193 Graece
1445 2146 1681 2206 loquatur
1728 2150 1815 2192 aut

115 2217 290 2278 discat,
341 2219 468 2266 sicut
517 2219 765 2280 plerisque
816 2220 968 2267 moris
1021 2222 1107 2268 est.
1159 2220 1252 2267 hoc
1304 2224 1432 2267 enim
1485 2219 1716 2266 accidunt
1766 2222 1815 2266 et

116 2293 215 2340 oris
262 2293 481 2354 plurima
528 2295 654 2340 vitia
699 2295 751 2340 in
791 2295 1109 2356 peregrinum
1151 2310 1326 2342 sonum
1366 2294 1588 2355 corrupti
1628 2298 1677 2341 et
1717 2309 1814 2340 ser-

115 2367 291 2427 monis,
332 2368 412 2414 cui
452 2382 563 2414 cum
597 2365 814 2415 Graecae
853 2367 1039 2431 figurae
1073 2368 1285 2416 adsidua
1317 2369 1669 2416 consuetudine
1700 2367 1812 2414 hae-

117 2444 300 2499 serunt,
347 2442 394 2487 in
439 2442 635 2489 diversa
675 2458 873 2504 quoque
912 2442 1149 2503 loquendi
1187 2445 1382 2490 ratione
1421 2444 1814 2504 pertinacissime

117 2514 311 2562 durant.
381 2531 479 2562 non
520 2516 665 2579 longe
704 2518 874 2577 itaque
913 2516 1095 2564 Latina
1136 2517 1368 2578 subsequi
1408 2517 1586 2564 debent
1626 2520 1676 2564 et
1715 2518 1813 2563 cito
1841 2521 1905 2566 14

116 2590 304 2650 pariter
341 2589 425 2637 ire.
473 2590 546 2636 ita
585 2590 672 2637 fiet
708 2593 780 2650 ut,
819 2605 930 2638 cum
971 2592 1168 2652 aequali
1207 2607 1325 2639 cura
1363 2592 1585 2654 linguam
1627 2595 1813 2638 utram-

117 2679 212 2724 que
249 2664 379 2711 tueri
418 2664 738 2726 coeperimus,
777 2668 953 2712 neutra
994 2666 1141 2713 alteri
1180 2666 1381 2713 officiat.
1449 2661 1475 2665 ”

238 2787 263 2826 9
296 2784 413 2839 frag.
449 2753 502 2827 51
537 2784 700 2827 Arnim

239 2898 291 2936 17
326 2894 530 2938 defuerit
559 2903 797 2946 BqVMPS
920 2899 975 2938 28
1007 2895 1116 2953 hoc]
1147 2896 1258 2939 hinc
1291 2903 1370 2938 Pr
