2007 3120
217 71 286 122 80
707 68 1076 121 QVINTILLANJ
1106 68 1255 111 INST.
1290 68 1381 112 ΟΒ.

215 225 314 256 11011
350 209 706 269 permitterem:
745 208 818 254 ita
857 210 906 254 et
944 207 1139 269 ingenio
1179 207 1459 269 gaudebant
1499 209 1548 254 et
1578 207 1760 254 iudicio
1784 222 1880 254 11011

214 281 524 328 fallebantur.

128 362 190 406 15
327 354 420 401 Sed
459 356 515 400 ut
555 370 609 400 eo
656 356 890 412 revertar,
936 353 1061 399 unde
1109 369 1218 400 sum
1264 353 1529 415 digressus:
1577 354 1880 399 narrationes

217 428 331 475 stilo
371 428 596 487 componi
651 429 836 487 quanta
890 428 1104 473 maxima
1153 426 1309 487 possit
1356 427 1577 472 adhibita
1624 425 1880 488 diligentia

217 502 342 548 volo.
382 516 497 547 113111
537 502 592 546 ut
630 500 801 560 primo,
855 515 962 546 cum
1003 514 1159 545 sermo
1210 499 1502 559 instituitur,
1549 499 1707 546 dicere
1754 515 1880 560 quae
1927 515 1947 546 5

218 573 462 620 audierint
502 574 622 619 utile
664 575 738 619 est
775 572 938 633 pueris
979 573 1039 618 ad
1080 572 1310 633 loquendi
1335 573 1637 632 facultatem,
1676 571 1882 633 ideoque

217 651 266 694 et
303 650 434 693 retro
475 662 617 709 agere
658 646 1007 706 expositionem
1049 648 1098 692 et
1136 661 1165 692 a
1203 645 1366 693 media
1403 647 1453 691 in
1478 648 1739 706 utramque
1771 661 1881 705 par-

216 723 316 767 tem
363 720 628 768 discurrere
684 735 798 766 sane
853 719 1025 766 merito
1078 722 1329 781 cogantur,
1391 719 1474 766 sed
1527 718 1590 765 ad
1643 718 1883 780 gremium

215 795 545 854 praeceptoris
586 794 635 838 et
673 793 788 838 dum
826 788 1032 855 (aliud)
1070 809 1167 840 non
1205 795 1411 853 possunt
1450 795 1499 839 et
1538 792 1653 838 dum
1697 806 1773 838 res
1829 807 1882 838 ac

217 866 365 914 verba
405 869 653 913 conectere
691 866 952 926 incipiunt,
991 868 1049 912 ut
1086 866 1311 927 protinus
1351 865 1637 912 memoriam
1667 865 1882 912 firment:
1908 882 1949 912 10

216 940 288 986 ita
329 955 436 987 cum
483 942 582 985 iam
633 940 842 985 formam
895 941 1056 986 rectae
1111 944 1256 998 atque
1313 938 1597 985 emendatae
1649 938 1883 985 orationis

218 1014 472 1073 accipient,
513 1012 856 1074 extemporalis
896 1013 1161 1074 garrulitas
1212 1027 1298 1058 nec
1347 1014 1601 1072 expectata
1647 1012 1882 1074 cogitatio

219 1089 267 1133 et
305 1087 386 1132 vix
426 1085 657 1148 surgendi
708 1101 845 1132 mora
899 1085 1238 1133 circulatoriae
1293 1102 1404 1132 vere
1458 1085 1742 1132 iactationis
1797 1087 1882 1132 est.

130 1167 191 1210 16
216 1161 330 1206 111110
376 1159 657 1220 parentium
707 1159 1046 1220 imperitorum
1096 1159 1240 1205 inane
1296 1159 1547 1221 gaudium,
1599 1159 1718 1220 ipsis
1768 1174 1884 1205 vero

219 1236 525 1294 contemptus
581 1235 740 1293 operis
803 1235 852 1279 et
904 1233 1229 1280 inverecunda
1283 1234 1416 1279 frons
1472 1236 1520 1279 et
1585 1231 1881 1279 consuetudo
1910 1249 1948 1280 15
2002 1260 2007 1302 ἲ

218 1306 425 1367 pessime
466 1306 656 1353 dicendi
704 1309 752 1352 et
791 1307 1033 1353 malorum
1082 1306 1363 1353 exercitatio
1415 1309 1463 1352 et
1510 1321 1634 1366 quae
1681 1321 1884 1367 magnos
2004 1318 2007 1367 ᾗ

218 1396 411 1441 quoque
449 1380 696 1440 profectus
736 1380 1018 1440 frequenter
1056 1380 1284 1440 perdidit,
1334 1379 1573 1442 adrogans
1614 1379 1671 1424 de
1705 1394 1754 1426 se
1778 1394 1885 1439 per-
2004 1371 2007 1378 Δ

130 1463 189 1507 17
219 1454 380 1500 suasio
420 1453 703 1500 innascitur.
760 1455 853 1500 erit
904 1468 1041 1499 81111111
1091 1453 1337 1514 parandae
1391 1452 1625 1499 facilitati
1677 1455 1884 1512 tempus,

218 1542 305 1574 nec
345 1542 372 1573 3
411 1526 549 1573 nobis
588 1527 902 1588 neglegenter
926 1527 1059 1573 locus
1084 1527 1175 1573 iste
1200 1525 1503 1573 transibitur.
1544 1525 1742 1572 interim
1767 1525 1884 1572 satis

220 1599 308 1659 est,
349 1602 390 1646 si
435 1616 557 1660 puer
604 1600 735 1647 omni
783 1616 897 1646 cura
954 1603 1001 1646 et
1055 1615 1258 1659 summo,
1315 1602 1555 1660 quantum
1608 1599 1695 1645 illa
1750 1600 1885 1646 aetas
1910 1616 1952 1647 20

219 1676 366 1734 capit,
407 1673 571 1720 labore
613 1673 800 1733 aliquid
840 1673 1091 1733 probabile
1118 1673 1386 1733 scripserit:
1426 1674 1478 1719 in
1502 1673 1590 1719 hoc
1617 1672 1884 1731 adsuescat,

218 1747 365 1794 huius
413 1748 483 1793 rei
530 1747 623 1793 sibi
669 1749 898 1793 naturam
944 1747 1108 1793 faciat.
1156 1747 1238 1792 ille
1286 1747 1479 1792 demum
1533 1748 1581 1792 in
1638 1745 1701 1805 id,
1757 1745 1885 1806 quod

220 1822 514 1881 quaerimus,
560 1823 646 1866 aut
700 1820 742 1866 ei
791 1821 1068 1881 proximum
1123 1822 1304 1880 poterit
1360 1819 1576 1878 evadere,
1633 1820 1715 1879 qui
1772 1822 1885 1865 ante

221 1894 373 1940 discet
411 1898 541 1940 recte
582 1893 738 1940 dicere
779 1909 926 1954 quam
967 1894 1075 1940 cito.

131 1976 194 2021 18
333 1967 711 2013 Narrationibus
750 1983 845 2014 non
887 1967 1134 2013 inutiliter
1173 1966 1490 2028 subiungitur
1530 1981 1650 2027 opus
1698 1965 1884 2012 destru-
1910 1983 1950 2014 25

221 2040 331 2086 endi
372 2040 787 2101 confirmandique
828 2056 923 2099 eas,
965 2041 1093 2100 quod
1133 2038 1375 2101 ἀνασκευή
1417 2044 1464 2087 et
1502 2038 1771 2100 κατασκευή
1804 2055 1887 2086 vo-

221 2119 374 2160 catur.
415 2114 466 2159 id
505 2129 650 2174 porro
690 2130 786 2160 non
812 2117 1008 2160 tantum
1033 2116 1083 2159 in
1108 2114 1344 2160 fabulosis
1372 2117 1420 2160 et
1452 2114 1665 2160 carmine
1689 2112 1886 2160 traditis

220 2187 324 2234 fieri
363 2190 539 2247 potest,
580 2203 748 2234 verum
790 2189 938 2233 etiam
978 2189 1026 2233 in
1067 2188 1186 2247 ipsis
1235 2188 1481 2233 annalium
1534 2187 1885 2233 monumentis:

221 2263 291 2317 ut,
331 2260 371 2306 si
413 2263 679 2321 quaeratur
721 2257 802 2306 ‘an
841 2261 906 2307 sit
951 2260 1179 2307 credibile
1228 2276 1375 2321 super
1414 2263 1562 2321 caput
1592 2259 1760 2306 Valeri
1799 2276 1885 2320 pu·
2006 2315 2007 2318 Ἴ

221 2335 418 2395 gnantis
458 2334 636 2380 sedisse
663 2350 876 2392 corvum,
916 2335 998 2395 qui
1025 2349 1077 2381 os
1110 2335 1371 2394 oculosque
1396 2334 1548 2380 hostis
1575 2332 1707 2380 Galli
1729 2335 1886 2380 rostro
1911 2351 1950 2382 3»
2006 2352 2007 2391 1

223 2410 372 2468 atque
414 2408 504 2454 alis
547 2404 887 2466 e‘verberaret',
927 2408 992 2454 sit
1029 2410 1081 2454 111
1119 2411 1380 2468 utramque
1413 2409 1604 2468 partem
1630 2407 1798 2468 ingens
1825 2406 1886 2452 ad
2005 2430 2007 2451 A

134 2489 196 2533 19
223 2481 478 2527 dicendum
519 2481 746 2527 materia:
794 2484 880 2527 aut
927 2481 984 2527 de
1025 2485 1262 2541 serpente,
1310 2496 1407 2541 quo
1460 2479 1621 2540 Scipio
1670 2479 1888 2526 traditur

222 2554 430 2616 genitus,
485 2557 534 2600 et
586 2555 704 2615 lupa
742 2555 940 2601 Romuli
979 2557 1027 2601 et
1067 2555 1246 2616 Egeria
1285 2554 1498 2613 Numae,
1536 2569 1650 2599 nam
1691 2553 1887 2600 Graecis

221 2628 438 2674 historiis
464 2627 749 2688 plerumque
776 2628 993 2688 poeticae
1027 2628 1200 2674 similis
1224 2627 1424 2674 licentia
1451 2632 1535 2674 est.
1570 2642 1713 2687 saepe
1739 2627 1889 2672 etiam

341 2801 365 2835 3
400 2809 608 2852 egressus
641 2804 729 2837 BP
848 2801 871 2838 9
905 2796 1033 2838 aliud
1065 2797 1157 2839 add
1189 2797 1242 2839 ed
1277 2796 1432 2853 Gryph
1595 2800 1648 2838 18
1687 2795 1888 2838 facilita-

222 2855 283 2897 tis
317 2863 420 2896 Pab
541 2860 594 2897 25
628 2855 887 2897 restruendi
919 2863 963 2896 Β
1082 2859 1135 2897 32
1170 2857 1250 2897 aut
1281 2863 1337 2897 A:
1371 2857 1424 2897 ut
1455 2862 1542 2896 BP
