1991 3120
775 74 1132 119 PRAEFATIO.
1726 75 1814 120 VII

126 219 290 278 potest
327 231 486 276 neque
525 216 600 262 fas
642 218 729 275 est,
767 217 821 262 in
860 231 1051 263 summo
1091 215 1372 263 discrimine
1411 230 1487 263 res
1511 217 1723 263 vertitur
1756 231 1812 263 ac

126 306 243 337 sane
281 290 416 337 iusta
454 289 729 337 existimari
766 291 931 349 potest
971 290 1184 350 suspicio
1223 289 1350 336 nihil
1380 288 1497 336 boni
1530 291 1810 351 antiquitus

124 366 176 410 in
215 364 343 411 hanc
383 363 604 411 codicum
656 364 861 410 classem
910 365 1207 424 pervenisse,
1261 378 1596 424 quaecumque
1645 367 1810 411 autem

123 440 258 485 recta
297 437 541 497 videntur,
579 437 856 485 recentibus
895 437 1179 484 litterarum
1224 437 1554 484 humanarum
1601 437 1810 485 doctori-

123 511 213 559 bus
254 511 432 559 deberi.
481 509 640 566 Quam
679 511 877 573 quidem
917 511 1199 572 opinionem
1238 512 1346 572 ipse
1377 513 1483 558 tam
1515 510 1601 557 diu
1641 527 1812 558 veram

122 587 313 646 putavi,
364 585 526 647 quoad
580 585 684 632 vidi
743 585 865 632 locis
921 601 1018 632 non
1063 586 1236 646 paucis
1275 584 1428 632 libros
1476 585 1697 633 familiae
1739 584 1811 645 Ρ,

123 659 240 706 (111111
279 659 340 706 ab
379 658 439 707 A
480 662 529 706 et
566 657 626 707 B
666 659 961 720 discrepant,
1003 675 1113 706 cum
1144 659 1270 706 Julii
1308 659 1524 706 Victoris
1565 660 1809 720 excerptis

124 748 402 795 congruere.
482 731 622 788 Quod
662 748 778 780 casu
817 734 1004 780 factum
1053 749 1155 780 esse
1202 749 1345 780 nemo
1387 733 1529 794 dicet,
1578 734 1633 793 si,
1683 749 1808 794 quae

123 823 234 870 pag.
280 808 398 868 193,
443 808 562 865 194,
605 809 725 867 200,
761 809 881 866 204,
916 807 1036 867 238,
1073 809 1193 867 239,
1221 808 1324 855 303
1353 806 1583 854 editionis
1608 810 1809 855 nostrae

124 881 485 940 adnotavimus,
525 883 899 942 comparaverit,
956 881 1039 929 sed
1079 882 1290 929 forsitan
1344 881 1495 928 fuerit
1550 881 1811 943 quispiam,

123 957 208 1016 qui
246 957 412 1016 ipsum
453 971 647 1016 quoque
686 955 939 1003 Victorem
980 971 1009 1001 a
1048 955 1204 1002 doctis
1235 955 1337 1002 illis
1369 955 1812 1017 interpolatoribus

123 1029 400 1076 adhibitum
455 1044 556 1076 esse
609 1029 856 1077 existimet
919 1029 1088 1076 eadem
1142 1031 1350 1089 ratione,
1408 1046 1506 1091 qua
1561 1028 1810 1077 Ciceronis

121 1102 272 1150 libros
359 1103 660 1162 evolverunt,
738 1108 793 1151 ut
871 1119 928 1151 ea
983 1104 1314 1164 emendarent,
1393 1120 1520 1165 quae
1599 1120 1655 1152 ex
1734 1104 1810 1151 his

122 1177 344 1239 exempla
386 1176 724 1232 Quintilianus
765 1178 987 1239 protulit.
1054 1177 1147 1225 Cui
1171 1179 1443 1225 sententiae
1469 1179 1678 1225 fortasse
1711 1194 1810 1225 non

122 1251 246 1298 illud
298 1256 558 1315 repugnat,
611 1251 741 1312 quod
794 1252 910 1298 XIX
957 1252 1154 1299 demum
1206 1252 1401 1300 saeculo
1458 1252 1674 1300 Victoris
1731 1267 1811 1299 ars

120 1327 173 1372 in
204 1342 302 1373 uno
336 1325 462 1373 libro
488 1326 711 1373 Romano
736 1329 934 1388 reperta.
960 1329 1009 1373 et
1034 1325 1167 1373 edita
1192 1330 1277 1374 est.
1321 1325 1452 1381 Quid
1476 1329 1606 1373 enim
1633 1326 1809 1387 obstat,

122 1401 384 1461 quominus
427 1400 683 1448 credamus
709 1400 875 1461 plures
902 1402 1005 1448 eius
1039 1400 1227 1448 codices
1261 1401 1457 1448 saeculo
1491 1400 1582 1447 XV
1612 1402 1810 1448 innotu-

120 1475 231 1533 isse,
278 1474 394 1521 licet
443 1476 547 1521 eius
587 1476 659 1521 rei
700 1477 949 1536 ceteroqui
988 1490 1075 1522 nec
1116 1475 1227 1522 vola
1269 1476 1334 1522 sit
1373 1491 1460 1522 nec
1508 1472 1810 1538 vestigium?

120 1544 280 1611 Magis
328 1549 507 1594 mirum
555 1553 642 1606 est,
691 1549 820 1609 quod
874 1565 1055 1610 ponere
1112 1551 1348 1612 cogimur,
1403 1549 1810 1610 interpolatorem

121 1622 264 1682 hunc,
307 1638 453 1683 quem
492 1622 739 1685 fingimus,
781 1639 809 1670 3
848 1622 1048 1670 Victore
1089 1625 1353 1685 sumpsisse
1396 1624 1594 1685 quidem
1641 1624 1809 1670 lectio-

121 1712 206 1744 nes
247 1697 524 1756 nonnullas,
574 1697 750 1757 quibus
806 1697 955 1744 verba
1011 1698 1169 1744 solum
1225 1701 1552 1761 mutarentur,
1607 1697 1812 1744 minime

121 1770 510 1829 emendarentur,
551 1787 659 1817 cum
701 1786 772 1832 ea,
813 1787 938 1833 quae
977 1773 1028 1817 in
1062 1770 1122 1819 A
1154 1774 1203 1818 et
1234 1769 1293 1819 B
1326 1775 1454 1831 sunt,
1496 1787 1649 1833 aeque
1681 1771 1813 1819 bona

120 1844 278 1891 videri
315 1848 517 1906 possent
549 1838 632 1910 (cf.
676 1861 713 1891 e.
755 1862 799 1909 g.
840 1862 886 1906 p.
940 1847 1040 1892 193
1086 1846 1216 1906 quod
1254 1845 1404 1893 habet
1447 1844 1509 1894 Ρ
1544 1861 1654 1892 611111
1694 1845 1809 1893 Vic-

119 1922 225 1966 tore
247 1923 559 1978 praeceptum
591 1921 665 1973 sit,
701 1922 753 1966 at
785 1917 904 1968 AB
928 1919 1061 1967 haud
1092 1921 1254 1967 minus
1286 1922 1417 1967 recte
1440 1914 1813 1984 praeceperim),

121 1993 328 2040 eundem
368 2009 483 2040 vero
525 1993 637 2040 aliis
676 1994 846 2040 multis
894 1994 1030 2054 locis,
1085 1994 1170 2041 ubi
1217 1993 1391 2041 Victor
1429 1997 1478 2041 et
1518 1996 1621 2042 sine
1663 1993 1810 2041 dubio

120 2070 169 2114 et
209 2066 516 2128 apertissime
555 2084 725 2114 verum
766 2067 983 2126 exhibet,
1038 2072 1207 2129 spreta
1255 2068 1346 2116 hac
1388 2068 1682 2116 emendandi
1732 2083 1811 2116 06-

120 2143 315 2189 casione
348 2141 652 2202 corruptelas
688 2142 1012 2201 foedissimas,
1061 2143 1230 2203 quales
1266 2143 1463 2190 eaedem
1495 2145 1546 2189 in
1579 2140 1638 2190 A
1672 2145 1721 2190 et
1750 2140 1812 2190 B

120 2220 247 2275 sunt,
286 2215 559 2263 retinuisse.
617 2216 838 2263 Tertium
879 2216 1005 2264 addo
1047 2220 1407 2280 argumentum,
1448 2233 1544 2278 quo
1583 2233 1687 2264 rem
1728 2215 1810 2262 ab-

120 2290 248 2337 solvi
288 2289 526 2337 existimo.
578 2289 831 2337 Habemus
870 2306 998 2338 nunc
1037 2291 1213 2338 incerti
1255 2293 1469 2339 auctoris
1518 2291 1809 2352 opusculum

120 2363 179 2410 (16
218 2363 389 2427 figuris
430 2365 669 2411 orationis
709 2366 1034 2426 conpositum,
1074 2365 1204 2426 quod
1230 2365 1544 2412 Ecksteinius
1583 2367 1636 2412 in
1669 2380 1810 2411 anec-

119 2437 248 2485 dotis
288 2454 334 2499 p.
389 2439 458 2486 20
509 2453 579 2499 sq.
636 2454 692 2485 ex
747 2438 910 2486 codice
965 2439 1193 2487 Parisino
1250 2440 1392 2487 7530
1439 2440 1623 2486 saeculi
1669 2438 1808 2486 VIII.

120 2505 352 2577 edidit*)3
385 2514 578 2560 constat
612 2516 777 2559 autem
810 2514 995 2574 partim
1029 2529 1085 2560 ex
1118 2513 1234 2560 libri
1265 2513 1390 2560 VIII
1422 2516 1471 2560 et
1502 2513 1570 2560 IX
1610 2514 1810 2561 institu-

118 2585 268 2634 tionis
309 2587 554 2634 oratoriae
596 2588 850 2648 excerptis.
928 2587 1057 2647 Jam,
1113 2588 1245 2649 quod
1298 2589 1351 2634 111
1390 2587 1592 2635 Victore
1647 2587 1808 2635 obser-

118 2660 359 2718 vavimus,
396 2659 526 2708 idem
568 2659 626 2707 de
665 2661 755 2707 hoc
797 2661 1033 2722 scriptore
1067 2661 1327 2709 dicendum
1367 2664 1463 2709 est:
1504 2662 1691 2709 scilicet
1731 2661 1809 2708 hic

117 2733 222 2781 illic
250 2732 313 2782 P
331 2728 483 2798 (hunc
515 2736 730 2794 nomino,
759 2736 976 2796 reliquos
1010 2736 1229 2783 eiusdem
1261 2737 1452 2798 generis
1486 2729 1808 2800 complector)

237 2889 278 2944 ²³²)
313 2887 368 2931 cf.
402 2887 580 2932 Halmii
612 2889 836 2932 Rhetores
869 2889 949 2933 lat.
983 2890 1092 2933 min.
1125 2890 1145 2932 Ι
1177 2905 1220 2946 p.
1257 2895 1308 2933 71
1344 2905 1410 2945 sq.
