2007 3120
196 59 267 110 84
697 56 1070 110 QVINTILIANI
1100 56 1249 100 INST.
1285 55 1377 100 OR.

108 203 170 248 38
196 200 351 256 nesta,
391 213 453 243 an
491 197 644 243 utilis.
684 212 769 243 nec
808 197 980 258 ignoro
1021 196 1184 257 plures
1223 195 1330 242 fieri
1354 211 1383 242 a
1417 195 1662 256 plerisque
1686 198 1864 256 partes,

197 270 280 318 sed
330 286 416 317 nos
468 270 665 331 iustum,
715 271 866 330 pium,
916 269 1200 332 religiosum
1254 271 1512 329 ceteraque
1558 268 1635 315 his
1683 268 1865 315 similia

196 344 400 391 honesto
441 343 821 403 complectimur.
862 343 983 388 iusti
1020 345 1184 388 tamen
1226 343 1407 402 species
1439 356 1538 388 non
1576 340 1866 401 simpliciter

198 418 361 464 excuti
401 416 573 463 solent.
614 417 700 462 aut
740 415 868 462 enim
909 415 966 461 de
1005 430 1057 461 re
1096 417 1204 476 ipsa
1244 415 1512 475 quaeritur,
1551 416 1607 460 ut
1653 414 1865 476 dignane

197 505 355 550 poena
394 489 470 536 vel
509 490 727 550 praemio
775 488 852 548 sit,
909 490 997 534 aut
1050 488 1108 535 de
1158 488 1301 535 modo
1351 488 1562 548 praemii
1605 503 1866 548 poenaeve,
1913 504 1931 535 5

108 568 172 612 39
200 563 285 623 qui
322 564 425 608 tam
463 563 621 609 maior
660 577 804 622 quarn
831 563 993 608 minor
1026 562 1217 622 culpari
1239 564 1414 622 potest.
1454 560 1645 607 utilitas
1671 575 1867 622 quoque

199 637 397 682 interim
437 637 616 683 natura
655 634 960 691 discernitur,
1000 635 1199 681 interim
1237 637 1469 694 tempore.
1520 633 1757 694 quaedam
1805 649 1869 680 an

199 709 412 770 optineri
465 708 669 770 possint,
725 707 909 770 ambigi
948 708 1083 755 solet.
1138 724 1197 754 ne
1236 707 1361 754 illud
1400 707 1597 768 quidem
1641 707 1867 769 ignorare

200 784 407 843 oportet,
448 782 579 845 leges
621 781 885 842 aliquando
909 786 1057 839 totas,
1099 780 1362 841 aliquando
1396 797 1452 827 ex
1477 783 1618 842 parte
1641 779 1869 840 reprendi

200 856 369 914 solere,
411 869 516 902 cum
559 855 833 916 exemplum
872 856 943 900 rei
981 856 1235 914 utriusque
1276 853 1414 901 nobis
1456 854 1601 901 claris
1635 854 1866 900 orationi·
1893 870 1934 901 ιο

112 937 176 982 40
200 928 289 975 bus
328 928 633 989 praebeatur.
675 944 762 975 nec-
801 944 877 974 me
917 928 1048 974 fallit
1089 943 1170 974 eas
1210 943 1401 988 quoque
1430 927 1561 989 leges
1587 942 1703 985 esse,
1745 942 1868 987 quae

200 1018 298 1049 non
336 1003 387 1048 in
427 1004 718 1062 perpetuum
755 1003 1004 1064 rogentur,
1043 1001 1126 1048 sed
1154 1001 1210 1047 de
1236 1001 1500 1048 honoribus
1527 1003 1612 1047 aut
1636 999 1870 1060 imperiis,

202 1076 360 1136 qualis
400 1075 605 1121 Manilia
645 1075 752 1135 fuit,
794 1074 852 1122 de
895 1091 992 1135 qua
1034 1073 1278 1121 Ciceronis
1320 1075 1477 1122 oratio
1534 1077 1619 1121 est.
1675 1072 1756 1120 sed
1813 1073 1869 1119 de

200 1149 276 1195 his
315 1148 440 1195 nihil
478 1149 569 1196 hoc
608 1149 714 1195 loco
755 1148 973 1209 praecipi
1011 1151 1195 1209 potest:
1236 1150 1461 1195 constant
1501 1148 1631 1194 enim
1670 1147 1872 1208 propria

201 1237 378 1280 rerum,
418 1221 475 1268 de
516 1221 690 1283 quibus
732 1223 909 1284 agitur,
947 1237 1044 1268 non
1086 1223 1333 1268 communi
1373 1222 1626 1282 qualitate.
1896 1236 1936 1268 15

113 1303 172 1347 41
310 1294 402 1341 His
442 1294 542 1342 fere
582 1298 767 1342 veteres
819 1295 1106 1342 facultatem
1157 1294 1350 1342 dicendi
1404 1296 1734 1352 exercuerunt,
1788 1293 1872 1339 ad-

202 1370 398 1430 sumpta
447 1371 613 1415 tamen
663 1385 691 1415 a
745 1368 1014 1415 dialecticis
1075 1367 1452 1431 argumentandi
1504 1368 1710 1414 ratione.
1758 1382 1872 1413 nam

202 1441 339 1489 fictas
381 1441 442 1488 ad
482 1443 809 1489 imitationem
861 1443 954 1488 fori
995 1442 1405 1501 consiliorumque
1460 1440 1691 1487 materias
1743 1439 1875 1501 apud

206 1514 413 1562 Graecos
455 1515 612 1562 dicere
653 1517 781 1562 circa
822 1515 1124 1562 Demetrium
1165 1514 1400 1561 Phalerea
1450 1515 1734 1562 instit-utum
1774 1514 1873 1560 fere
1990 1461 2006 1550 l

116 1595 177 1640 42
204 1591 409 1636 constat.
452 1604 512 1635 an
555 1588 613 1635 ab
653 1591 760 1649 ipso
800 1584 847 1635 id
891 1604 1043 1651 genus
1084 1589 1446 1635 exercitationis
1495 1589 1560 1635 sit
1605 1587 1873 1645 inventum,
1897 1603 1940 1635 20
1989 1557 2005 1653 ‚l

203 1665 258 1708 ut
298 1662 393 1709 alio
435 1678 628 1723 quoque
668 1662 794 1709 libro
835 1678 944 1708 sum
985 1663 1247 1721 confeSSUS,
1286 1677 1461 1722 parum
1509 1662 1744 1721 comperi:
1791 1659 1874 1707 sed
1987 1660 2003 1733 ξ

202 1752 261 1782 ne
309 1735 344 1781 ii
395 1735 604 1796 quidem,
657 1736 739 1796 qui
794 1735 884 1783 hoc
938 1736 1202 1782 fortissime
1256 1735 1530 1794 adfirmant,
1590 1734 1691 1781 ullo
1754 1733 1874 1781 satis

203 1809 377 1856 idoneo
419 1812 616 1856 auctore
656 1811 895 1856 nituntur.
936 1809 1140 1856 Latinos
1181 1825 1294 1856 vero
1320 1807 1513 1856 dicendi
1535 1809 1874 1869 praeceptores

205 1883 431 1929 extremis
472 1882 524 1928 L.
569 1882 732 1930 Crassi
770 1882 1071 1944 temporibus
1112 1884 1326 1944 coepisse
1368 1880 1534 1929 Cicero
1576 1884 1749 1928 auct-or
1788 1883 1874 1938 est,

206 1971 413 2017 quorum
452 1955 659 2018 insignis
699 1958 909 2003 maxime
950 1955 1138 2003 Plotius
1177 1955 1285 2002 fuit.
1638 1979 1666 2018 χ
1900 1970 1939 2000 25

207 2080 306 2137 [DE
351 2080 644 2124 LECTIONE
690 2080 1027 2123 ORATORUM
1079 2080 1155 2123 ET
1212 1958 1660 2123 HISTORICoffzgl
1714 2078 1875 2122 APUD

863 2138 1230 2196 RHETOREM.]

1991 1744 2003 1771 ’Ἰ

1991 1779 2002 1807 5

154 2256 178 2298 1
315 2248 373 2296 Y.
416 2247 509 2296 Sed
566 2249 622 2295 de
677 2249 868 2296 ratione
923 2249 1230 2296 declamandi
1282 2252 1392 2309 post
1447 2249 1618 2309 paulo:
1664 2247 1874 2306 interim,

210 2323 327 2382 quia
365 2322 526 2382 prima
563 2322 828 2370 rhetorices
867 2322 1143 2369 rudimenta
1182 2326 1466 2382 tractamus,
1512 2338 1610 2369 non
1649 2321 1876 2368 omitten-
2006 2379 2007 2383 Ἰ

210 2396 324 2442 dum
362 2395 558 2443 videtur
596 2396 645 2442 id
686 2412 878 2457 quoque
919 2399 974 2442 ut
1013 2411 1258 2457 moneam,
1315 2400 1554 2456 quantum
1600 2396 1664 2442 sit
1714 2394 1875 2441 conla-
1901 2410 1942 2442 30
2006 2391 2007 2444 ἶ

209 2472 346 2515 turus
388 2469 451 2516 ad
487 2470 758 2530 profectum
801 2470 1090 2516 discentium
1121 2469 1299 2529 rhetor,
1339 2469 1393 2531 si,
1420 2484 1561 2530 quem
1595 2468 1657 2515 ad
1680 2467 1878 2515 modum

328 2628 383 2666 24
416 2623 481 2666 De
515 2627 629 2667 orat.
663 2629 702 2678 3,
737 2629 805 2677 24,
840 2628 893 2666 93

331 2789 351 2825 1
386 2783 565 2827 inutilis
598 2785 702 2827 81²¹
853 2790 879 2827 4
912 2785 1029 2828 solet
1066 2793 1155 2828 BP
1301 2789 1324 2827 6
1359 2785 1457 2842 qui]
1499 2784 1609 2840 quia
1641 2783 1762 2826 P¹T²

214 2846 268 2884 20
301 2842 544 2886 constabat
575 2852 612 2885 A
734 2849 787 2886 2³2
819 2844 870 2886 hi
901 2852 984 2887 AB
1102 2848 1156 2887 28
1189 2844 1379 2900 paulum
1411 2842 1512 2886 ΡΑ2
