2055 3130
797 36 872 81 111.
909 41 978 90 11,
1012 41 1169 80 6—19.
1725 38 1825 90 181

151 176 297 224 liberi
366 177 442 223 3111
510 176 822 237 potissimum
891 178 1057 237 petere
1128 172 1419 223 debuerint’.
1482 179 1690 224 utuntur
1744 178 1832 224 3111
1857 179 1919 222 13

150 254 197 298 et
250 250 434 298 talibus
497 251 757 310 exemplis:
828 245 933 311 ‘qui
993 249 1123 297 bona
1183 253 1391 311 paterna
1461 252 1830 311 consumpserit,

147 341 207 371 ne
253 326 583 371 contionetur:
636 325 689 370 in
741 339 891 384 opera
942 323 1143 383 publica
1198 321 1536 384 consumpsit':
1593 326 1831 386 quaestio,

149 415 210 445 an
252 399 474 459 quisquis
522 398 879 457 consumpserit
932 396 1264 457 prohibendus
1321 399 1405 457 sit,
1459 398 1712 457 iudicatio,
1769 415 1832 445 an

105 488 124 519 5
151 473 238 533 qui
277 472 358 518 sic.
409 471 490 519 vel
527 473 578 517 in
614 485 762 518 causa
799 471 974 517 militis
1014 471 1243 530 Arrunti,
1293 473 1380 532 qui
1426 471 1631 519 Lusium
1676 473 1830 519 tribu·
1858 471 1921 516 14

147 563 264 592 num
305 547 403 592 vim
444 544 539 592 sibi
577 545 871 591 inferentem
909 545 1173 604 interfecit,
1225 546 1466 606 quaesti0‚
1515 562 1578 592 an
1617 547 1723 592 iure
1763 547 1831 593 fe-

148 619 282 679 cerit,
319 619 464 678 ratio,
515 618 648 679 quod
686 619 728 665 is
769 619 871 664 vim
911 618 1185 678 adferebat,
1234 618 1487 678 iudicatio,
1538 636 1600 666 an
1645 620 1832 667 indem-

148 696 333 751 natum,
383 708 446 738 311
496 692 754 738 tribunum
802 709 830 739 a
868 693 1028 739 milite
1079 693 1234 740 occidi
1281 695 1568 753 oportuerit.
1628 694 1832 741 alterius
1859 694 1920 737 15

148 767 297 814 etiam
352 769 509 813 status
567 768 918 827 quaestionem,
974 766 1176 814 alterius
1230 766 1584 814 iudicationem
1638 769 1831 828 putant.

81 856 123 887 10
148 840 372 901 quaestio
413 841 687 901 3331113113,
730 856 791 886 311
830 843 962 887 13313
998 839 1225 887 Clodium
1256 841 1376 888 Milo
1419 842 1664 902 occiderit,
1702 842 1831 888 iudi-

146 914 275 961 catio
316 914 676 973 coniecturalis,
717 930 779 961 an
822 913 1021 962 Clodius
1059 915 1265 962 insidias
1307 916 1491 962 fecerit.
1554 919 1745 977 ponunt
1784 920 1832 963 et
1860 916 1921 959 16

144 988 286 1048 illud,
327 1003 471 1048 saepe
497 1004 696 1035 causam
735 988 785 1034 in
827 989 1048 1049 aliquam
1085 1005 1189 1036 rem
1229 989 1428 1049 dimitti,
1470 1005 1597 1050 quae
1637 1006 1735 1037 non
1768 991 1834 1037 sit

143 1062 346 1123 propria
386 1063 702 1123 quaestionis,
756 1064 805 1109 et
844 1063 902 1109 de
943 1079 999 1110 ea
1037 1063 1260 1110 iudicari.
1315 1079 1343 1109 a
1385 1063 1564 1124 quibus
1615 1065 1831 1111 multum

145 1136 395 1184 dissentio.
451 1152 565 1182 nam
614 1139 663 1183 et
701 1137 789 1182 illa
838 1137 1060 1197 quaestio
1119 1133 1200 1184 ‘an
1252 1153 1433 1198 omnes,
1490 1139 1576 1198 qui
1624 1142 1832 1199 paterna

78 1226 119 1257 15
143 1211 273 1258 bona
343 1211 757 1271 consumpserint,
819 1212 1045 1257 contione
1110 1213 1209 1258 sint
1277 1208 1588 1272 prohibendi'
1653 1212 1834 1260 habeat

146 1287 341 1346 oportet
380 1300 521 1332 suam
559 1284 925 1332 iudicationem.
983 1301 1097 1347 ergo
1145 1301 1242 1333 non
1296 1286 1395 1333 alia
1438 1287 1677 1347 quaestio,
1733 1287 1833 1333 alia

145 1358 385 1405 iudicatio
428 1360 536 1417 erit,
576 1358 660 1406 sed
684 1359 848 1419 plures
884 1361 1196 1419 quaestiones
1224 1361 1273 1406 et
1295 1361 1464 1421 plures
1489 1361 1830 1407 iudicationes.

145 1431 300 1494 quid?
354 1448 452 1479 non
490 1435 542 1479 in
585 1448 731 1481 causa
771 1433 970 1480 Milonis
1010 1434 1120 1494 ipsa
1174 1436 1455 1481 coniectura
1505 1435 1715 1482 refertur
1771 1435 1833 1489 ad
1859 1434 1917 1476 17

146 1505 472 1568 qualitatem?
528 1522 642 1553 nam
699 1508 740 1554 si
795 1511 868 1554 est
913 1508 1176 1555 insidiatus
1227 1507 1446 1568 Clodius,
1502 1509 1726 1570 sequitur
1777 1511 1835 1555 ut

77 1596 120 1628 20
143 1586 275 1628 recte
315 1582 380 1628 sit
420 1583 620 1628 occisus.
662 1577 698 1643 ’J‘
732 1597 841 1628 cum
881 1598 996 1628 vero
1028 1583 1081 1629 in
1114 1582 1334 1643 aliquam
1364 1598 1466 1629 rem
1498 1585 1650 1630 missa.
1683 1598 1833 1630 33333

145 1649 265 1719 [331]
306 1670 549 1702 recessum
590 1658 663 1702 est
703 1672 731 1703 3
771 1657 1080 1716 quaestione,
1122 1672 1246 1716 quae
1287 1660 1406 1716 erat,
1446 1658 1524 1704 hic
1565 1658 1833 1704 constituta

145 1729 383 1790 quaestio,
423 1729 507 1776 ubi
545 1729 783 1777 iudicatio
826 1733 911 1776 331.

254 1803 466 1850 Paulum
504 1805 557 1850 in
603 1804 678 1850 his
720 1819 884 1851 secum
924 1805 1074 1850 etiam
1118 1803 1283 1851 Cicero
1325 1805 1567 1852 dissentit.
1615 1821 1732 1852 nam
1777 1807 1831 1852 in
1858 1804 1920 1848 IS

143 1878 422 1936 rhetoricis,
472 1894 616 1939 quem
658 1877 720 1924 ad
758 1878 957 1925 modum
999 1894 1148 1939 supra
1196 1878 1318 1938 dixi,
1366 1878 1710 1942 Hermagoran
1759 1883 1831 1927 est

77 1966 118 1998 25
144 1955 352 1999 secutus.
400 1951 449 1998 in
498 1953 678 2012 topicis
729 1968 785 1997 ex
825 1953 958 1999 statu
1000 1953 1224 2000 effectam
1264 1955 1627 2001 contentionem
1666 1952 1831 2018 κρινό-

145 2043 292 2088 μενον
333 2027 599 2085 existimat,
638 2026 786 2087 idque
827 2026 1075 2085 Trebatio,
1124 2028 1211 2087 qui
1247 2027 1370 2074 iuris
1410 2030 1516 2074 erat
1564 2029 1831 2087 consultus,

144 2099 381 2147 adludens
423 2116 536 2160 qua
577 2100 642 2146 de
682 2116 741 2147 re
782 2102 987 2162 agitur
1021 2101 1262 2162 appellat:
1303 2101 1480 2162 quibus
1505 2102 1556 2148 id
1582 2103 1831 2149 continea-

142 2176 239 2233 tur,
302 2174 702 2234 continentia,
766 2176 940 2236 quasi
999 2174 1382 2223 firmamenta
1438 2176 1830 2236 defensionis,

145 2247 361 2309 quibus
401 2247 664 2296 sublatis
705 2248 974 2296 defensio
1014 2250 1182 2296 nulla
1223 2251 1316 2297 sit.
1365 2253 1419 2297 at
1455 2252 1509 2296 in
1547 2252 1829 2310 partitioni·
1858 2249 1919 2292 19

79 2337 120 2369 30
143 2321 236 2369 bus
277 2323 508 2369 oratoriis
549 2323 1016 2383 firmamentum,
1066 2324 1197 2384 quod
1237 2326 1503 2386 opponitur
1543 2324 1830 2382 defensioni,

145 2397 261 2457 31113
302 2398 570 2457 continens,
623 2397 754 2458 quod
799 2399 1014 2458 primum
1056 2399 1134 2457 sit,
1186 2398 1246 2445 ab
1289 2407 1572 2446 accusat-ore
1621 2399 1830 2458 dicatur,

263 2542 316 2580 25
350 2537 461 2593 Top.
497 2542 566 2591 25,
601 2542 655 2580 95
688 2564 747 2570 ——
780 2543 834 2581 30
869 2553 892 2581 c
925 2543 993 2591 29,
1030 2544 1111 2582 103
1146 2554 1231 2595 sqq

265 2676 286 2712 1
330 2671 402 2713 331
440 2671 735 2726 potissimum
779 2679 858 2722 PQ
903 2673 991 2716 Cic.
1031 2673 1329 2728 potissimum
1359 2681 1405 2715 B
1433 2674 1528 2728 pot.
1563 2673 1635 2715 sui
1672 2681 1709 2714 A

145 2734 169 2771 5
202 2729 376 2772 Arunci
408 2738 452 2772 P
480 2731 687 2774 Aurunci
719 2732 893 2788 Reyz'us
1016 2737 1069 2774 18
1101 2732 1331 2776 referatur
1361 2740 1450 2774 BP
1569 2737 1621 2774 21
1657 2735 1727 2775 331
1759 2733 1831 2775 del

143 2788 321 2889 ΗαῖυΞιΞΙ
349 2790 433 2890 {lii
444 2790 616 2892 agnat?
639 2798 685 2832 B
710 2792 715 2845 Ι
743 2790 818 2833 hic
845 2791 1100 2834 constitut-a
1130 2799 1176 2833 B
1206 2805 1241 2834 c.
1268 2791 1345 2834 hic
1370 2800 1414 2833 P
1443 2794 1490 2835 et
1512 2791 1588 2834 hic
1623 2792 1764 2834 const.
1791 2799 1829 2833 Α
