<?xml version="1.0" encoding="UTF-8"?>
<!DOCTYPE html PUBLIC "-//W3C//DTD XHTML 1.0 Transitional//EN"
    "http://www.w3.org/TR/xhtml1/DTD/xhtml1-transitional.dtd">
<html xmlns="http://www.w3.org/1999/xhtml" xml:lang="en" lang="en">
 <head>
  <title>
</title>
<meta http-equiv="Content-Type" content="text/html;charset=utf-8" />
  <meta name='ocr-system' content='tesseract 3.04.00' />
  <meta name='ocr-capabilities' content='ocr_page ocr_carea ocr_par ocr_line ocrx_word'/>
</head>
<body>
  <div class='ocr_page' id='page_1' title='image "./institvtionisora00quinuoft/institvtionisora00quinuoft_0091.png"; bbox 0 0 2007 3120; ppageno 0'>
   <div class='ocr_carea' id='block_1_1' title="bbox 34 899 74 930">
    <p class='ocr_par' dir='ltr' id='par_1_1' title="bbox 34 899 74 930">
     <span class='ocr_line' id='line_1_1' title="bbox 34 899 74 930; baseline 0.025 -1"><span class='ocrx_word' id='word_1_1' title='bbox 34 899 74 930; x_wconf 83' lang='lat'>10</span> 
     </span>
    </p>
   </div>
   <div class='ocr_carea' id='block_1_2' title="bbox 33 1269 74 1300">
    <p class='ocr_par' dir='ltr' id='par_1_2' title="bbox 33 1269 74 1300">
     <span class='ocr_line' id='line_1_2' title="bbox 33 1269 74 1300; baseline 0 0"><span class='ocrx_word' id='word_1_2' title='bbox 33 1269 74 1300; x_wconf 84' lang='lat'>15</span> 
     </span>
    </p>
   </div>
   <div class='ocr_carea' id='block_1_3' title="bbox 34 1730 76 1760">
    <p class='ocr_par' dir='ltr' id='par_1_3' title="bbox 34 1730 76 1760">
     <span class='ocr_line' id='line_1_3' title="bbox 34 1730 76 1760; baseline 0 0"><span class='ocrx_word' id='word_1_3' title='bbox 34 1730 76 1760; x_wconf 82' lang='lat'>20</span> 
     </span>
    </p>
   </div>
   <div class='ocr_carea' id='block_1_4' title="bbox 654 71 1786 127">
    <p class='ocr_par' dir='ltr' id='par_1_4' title="bbox 654 71 1786 127">
     <span class='ocr_line' id='line_1_4' title="bbox 654 71 1786 127; baseline -0.001 -13"><span class='ocrx_word' id='word_1_4' title='bbox 654 71 707 114; x_wconf 91' lang='grc' dir='ltr'>Π.</span> <span class='ocrx_word' id='word_1_5' title='bbox 745 78 784 127; x_wconf 84' lang='grc'>1,</span> <span class='ocrx_word' id='word_1_6' title='bbox 816 76 975 114; x_wconf 84' lang='lat'>4—13.</span> <span class='ocrx_word' id='word_1_7' title='bbox 1010 76 1051 126; x_wconf 79' lang='lat'>2,</span> <span class='ocrx_word' id='word_1_8' title='bbox 1086 77 1212 114; x_wconf 83' lang='lat'>1—4.</span> <span class='ocrx_word' id='word_1_9' title='bbox 1720 71 1786 122; x_wconf 76' lang='lat'>73</span> 
     </span>
    </p>
   </div>
   <div class='ocr_carea' id='block_1_5' title="bbox 11 207 1787 275">
    <p class='ocr_par' dir='ltr' id='par_1_5' title="bbox 11 207 1787 275">
     <span class='ocr_line' id='line_1_5' title="bbox 11 207 1787 275; baseline -0.002 -14"><span class='ocrx_word' id='word_1_10' title='bbox 11 224 14 225; x_wconf 72' lang='grc'>’</span> <span class='ocrx_word' id='word_1_11' title='bbox 100 215 269 275; x_wconf 82' lang='lat' dir='ltr'>quales</span> <span class='ocrx_word' id='word_1_12' title='bbox 310 216 423 261; x_wconf 90' lang='lat' dir='ltr'>sunt</span> <span class='ocrx_word' id='word_1_13' title='bbox 470 212 592 259; x_wconf 90' lang='lat' dir='ltr'>editi</span> <span class='ocrx_word' id='word_1_14' title='bbox 632 229 660 258; x_wconf 89' lang='lat' dir='ltr'>a</span> <span class='ocrx_word' id='word_1_15' title='bbox 707 211 890 267; x_wconf 86' lang='lat' dir='ltr'>Quinto</span> <span class='ocrx_word' id='word_1_16' title='bbox 943 228 1137 273; x_wconf 88' lang='lat' dir='ltr'>quoque</span> <span class='ocrx_word' id='word_1_17' title='bbox 1192 211 1474 270; x_wconf 87' lang='lat' dir='ltr'>Hortensio,</span> <span class='ocrx_word' id='word_1_18' title='bbox 1530 214 1585 257; x_wconf 90' lang='lat' dir='ltr'>ut-</span> <span class='ocrx_word' id='word_1_19' title='bbox 1641 207 1787 257; x_wconf 78' lang='lat' dir='ltr'>‘sitne</span> 
     </span>
    </p>
   </div>
   <div class='ocr_carea' id='block_1_6' title="bbox 97 280 1882 1314">
    <p class='ocr_par' dir='ltr' id='par_1_6' title="bbox 98 280 1788 350">
     <span class='ocr_line' id='line_1_6' title="bbox 98 280 1788 350; baseline -0.002 -15"><span class='ocrx_word' id='word_1_20' title='bbox 98 288 265 350; x_wconf 84' lang='lat' dir='ltr'>parvis</span> <span class='ocrx_word' id='word_1_21' title='bbox 308 288 611 350; x_wconf 75' lang='lat' dir='ltr'>argumentis</span> <span class='ocrx_word' id='word_1_22' title='bbox 645 282 957 334; x_wconf 85' lang='lat' dir='ltr'>credendum&#39;</span> <span class='ocrx_word' id='word_1_23' title='bbox 986 289 1035 333; x_wconf 92' lang='lat' dir='ltr'>et</span> <span class='ocrx_word' id='word_1_24' title='bbox 1060 281 1168 347; x_wconf 72' lang='lat' dir='ltr'>tpro</span> <span class='ocrx_word' id='word_1_25' title='bbox 1192 281 1419 332; x_wconf 83' lang='lat' dir='ltr'>testibus⁷</span> <span class='ocrx_word' id='word_1_26' title='bbox 1449 288 1497 331; x_wconf 91' lang='lat' dir='ltr'>et</span> <span class='ocrx_word' id='word_1_27' title='bbox 1522 281 1593 331; x_wconf 75' lang='lat' dir='ltr'>‘in</span> <span class='ocrx_word' id='word_1_28' title='bbox 1616 280 1788 331; x_wconf 77' lang='lat' dir='ltr'>testes&#39;</span> 
     </span>
    </p>

    <p class='ocr_par' dir='ltr' id='par_1_7' title="bbox 97 358 1882 1314">
     <span class='ocr_line' id='line_1_7' title="bbox 97 358 1878 420; baseline -0.001 -11"><span class='ocrx_word' id='word_1_29' title='bbox 97 364 151 409; x_wconf 91' lang='lat' dir='ltr'>in</span> <span class='ocrx_word' id='word_1_30' title='bbox 189 362 362 410; x_wconf 89' lang='lat' dir='ltr'>mediis</span> <span class='ocrx_word' id='word_1_31' title='bbox 401 362 568 408; x_wconf 86' lang='lat' dir='ltr'>litium</span> <span class='ocrx_word' id='word_1_32' title='bbox 604 360 838 407; x_wconf 79' lang='lat' dir='ltr'>medullis</span> <span class='ocrx_word' id='word_1_33' title='bbox 877 358 1174 407; x_wconf 75' lang='lat' dir='ltr'>versantur‘.&gt;</span> <span class='ocrx_word' id='word_1_34' title='bbox 1214 375 1351 405; x_wconf 81' lang='lat' dir='ltr'>arma</span> <span class='ocrx_word' id='word_1_35' title='bbox 1377 362 1494 406; x_wconf 85' lang='lat' dir='ltr'>sunt</span> <span class='ocrx_word' id='word_1_36' title='bbox 1516 359 1635 405; x_wconf 89' lang='lat' dir='ltr'>haec</span> <span class='ocrx_word' id='word_1_37' title='bbox 1669 375 1788 420; x_wconf 77' lang='lat' dir='ltr'>quo-</span> <span class='ocrx_word' id='word_1_38' title='bbox 1816 365 1878 408; x_wconf 68' lang='lat'>12).</span> 
     </span>
     <span class='ocr_line' id='line_1_8' title="bbox 100 434 1789 496; baseline -0.002 -13"><span class='ocrx_word' id='word_1_39' title='bbox 100 437 212 483; x_wconf 91' lang='lat' dir='ltr'>dam</span> <span class='ocrx_word' id='word_1_40' title='bbox 252 435 397 483; x_wconf 91' lang='lat' dir='ltr'>modo</span> <span class='ocrx_word' id='word_1_41' title='bbox 445 434 789 496; x_wconf 88' lang='lat' dir='ltr'>praeparanda</span> <span class='ocrx_word' id='word_1_42' title='bbox 837 450 1043 496; x_wconf 81' lang='lat' dir='ltr'>semper,</span> <span class='ocrx_word' id='word_1_43' title='bbox 1097 436 1154 480; x_wconf 91' lang='lat' dir='ltr'>ut</span> <span class='ocrx_word' id='word_1_44' title='bbox 1199 435 1276 494; x_wconf 80' lang='lat' dir='ltr'>iis,</span> <span class='ocrx_word' id='word_1_45' title='bbox 1330 448 1440 479; x_wconf 91' lang='lat' dir='ltr'>cum</span> <span class='ocrx_word' id='word_1_46' title='bbox 1490 449 1566 480; x_wconf 91' lang='lat' dir='ltr'>res</span> <span class='ocrx_word' id='word_1_47' title='bbox 1606 436 1789 493; x_wconf 87' lang='lat' dir='ltr'>poscet,</span> 
     </span>
     <span class='ocr_line' id='line_1_9' title="bbox 98 507 1790 571; baseline -0.002 -14"><span class='ocrx_word' id='word_1_48' title='bbox 98 513 254 557; x_wconf 86' lang='lat' dir='ltr'>utare.</span> <span class='ocrx_word' id='word_1_49' title='bbox 298 526 422 571; x_wconf 89' lang='lat' dir='ltr'>quae</span> <span class='ocrx_word' id='word_1_50' title='bbox 464 511 550 569; x_wconf 90' lang='lat' dir='ltr'>qui</span> <span class='ocrx_word' id='word_1_51' title='bbox 588 509 834 569; x_wconf 86' lang='lat' dir='ltr'>pertinere</span> <span class='ocrx_word' id='word_1_52' title='bbox 876 509 938 555; x_wconf 91' lang='lat' dir='ltr'>ad</span> <span class='ocrx_word' id='word_1_53' title='bbox 978 510 1255 555; x_wconf 88' lang='lat' dir='ltr'>orationem</span> <span class='ocrx_word' id='word_1_54' title='bbox 1284 524 1384 554; x_wconf 88' lang='lat' dir='ltr'>non</span> <span class='ocrx_word' id='word_1_55' title='bbox 1408 507 1622 568; x_wconf 90' lang='lat' dir='ltr'>putabit,</span> <span class='ocrx_word' id='word_1_56' title='bbox 1662 508 1704 554; x_wconf 91' lang='lat' dir='ltr'>is</span> <span class='ocrx_word' id='word_1_57' title='bbox 1730 523 1790 553; x_wconf 92' lang='lat' dir='ltr'>ne</span> 
     </span>
     <span class='ocr_line' id='line_1_10' title="bbox 99 581 1789 645; baseline -0.003 -13"><span class='ocrx_word' id='word_1_58' title='bbox 99 587 319 632; x_wconf 87' lang='lat' dir='ltr'>statuam</span> <span class='ocrx_word' id='word_1_59' title='bbox 358 583 557 645; x_wconf 88' lang='lat' dir='ltr'>quidem</span> <span class='ocrx_word' id='word_1_60' title='bbox 594 582 821 630; x_wconf 88' lang='lat' dir='ltr'>incohari</span> <span class='ocrx_word' id='word_1_61' title='bbox 872 583 1049 642; x_wconf 85' lang='lat' dir='ltr'>credet,</span> <span class='ocrx_word' id='word_1_62' title='bbox 1098 598 1208 628; x_wconf 86' lang='lat' dir='ltr'>cum</span> <span class='ocrx_word' id='word_1_63' title='bbox 1255 582 1358 629; x_wconf 91' lang='lat' dir='ltr'>eius</span> <span class='ocrx_word' id='word_1_64' title='bbox 1406 581 1625 628; x_wconf 87' lang='lat' dir='ltr'>membra</span> <span class='ocrx_word' id='word_1_65' title='bbox 1681 582 1789 627; x_wconf 83' lang='lat' dir='ltr'>fun-</span> 
     </span>
     <span class='ocr_line' id='line_1_11' title="bbox 99 656 1791 718; baseline -0.003 -12"><span class='ocrx_word' id='word_1_66' title='bbox 99 659 289 706; x_wconf 78' lang='lat' dir='ltr'>dentur.</span> <span class='ocrx_word' id='word_1_67' title='bbox 321 674 478 718; x_wconf 88' lang='lat' dir='ltr'>neque</span> <span class='ocrx_word' id='word_1_68' title='bbox 502 658 642 717; x_wconf 90' lang='lat' dir='ltr'>hanc,</span> <span class='ocrx_word' id='word_1_69' title='bbox 674 660 735 703; x_wconf 88' lang='lat' dir='ltr'>ut</span> <span class='ocrx_word' id='word_1_70' title='bbox 760 658 919 717; x_wconf 69' lang='lat' dir='ltr'>aliqui</span> <span class='ocrx_word' id='word_1_71' title='bbox 941 656 1207 717; x_wconf 88' lang='lat' dir='ltr'>putabunt,</span> <span class='ocrx_word' id='word_1_72' title='bbox 1231 656 1606 703; x_wconf 70' lang='lat' dir='ltr'>festinationem</span> <span class='ocrx_word' id='word_1_73' title='bbox 1630 671 1791 702; x_wconf 87' lang='lat' dir='ltr'>meam</span> 
     </span>
     <span class='ocr_line' id='line_1_12' title="bbox 98 730 1789 794; baseline -0.003 -14"><span class='ocrx_word' id='word_1_74' title='bbox 98 735 167 780; x_wconf 90' lang='lat' dir='ltr'>sic</span> <span class='ocrx_word' id='word_1_75' title='bbox 208 732 471 794; x_wconf 89' lang='lat' dir='ltr'>quisquam</span> <span class='ocrx_word' id='word_1_76' title='bbox 512 732 856 790; x_wconf 80' lang='lat' dir='ltr'>calumnietur,</span> <span class='ocrx_word' id='word_1_77' title='bbox 897 733 1154 791; x_wconf 85' lang='lat' dir='ltr'>tamquam</span> <span class='ocrx_word' id='word_1_78' title='bbox 1194 746 1319 791; x_wconf 82' lang='lat' dir='ltr'>eum,</span> <span class='ocrx_word' id='word_1_79' title='bbox 1369 732 1455 791; x_wconf 91' lang='lat' dir='ltr'>qui</span> <span class='ocrx_word' id='word_1_80' title='bbox 1493 732 1558 777; x_wconf 89' lang='lat' dir='ltr'>sit</span> <span class='ocrx_word' id='word_1_81' title='bbox 1604 730 1789 776; x_wconf 89' lang='lat' dir='ltr'>rhetori</span> 
     </span>
     <span class='ocr_line' id='line_1_13' title="bbox 98 794 1882 867; baseline -0.002 -13"><span class='ocrx_word' id='word_1_82' title='bbox 98 808 326 866; x_wconf 81' lang='lat' dir='ltr'>traditus,</span> <span class='ocrx_word' id='word_1_83' title='bbox 369 805 705 853; x_wconf 89' lang='lat' dir='ltr'>abducendum</span> <span class='ocrx_word' id='word_1_84' title='bbox 748 807 974 866; x_wconf 87' lang='lat' dir='ltr'>protinus</span> <span class='ocrx_word' id='word_1_85' title='bbox 1016 821 1045 852; x_wconf 89' lang='lat' dir='ltr'>a</span> <span class='ocrx_word' id='word_1_86' title='bbox 1084 806 1423 867; x_wconf 80' lang='lat' dir='ltr'>grammaticis</span> <span class='ocrx_word' id='word_1_87' title='bbox 1473 806 1656 864; x_wconf 88' lang='lat' dir='ltr'>putem.</span> <span class='ocrx_word' id='word_1_88' title='bbox 1707 804 1790 851; x_wconf 91' lang='lat' dir='ltr'>da·</span> <span class='ocrx_word' id='word_1_89' title='bbox 1819 794 1882 838; x_wconf 78' lang='lat'>13</span> 
     </span>
     <span class='ocr_line' id='line_1_14' title="bbox 98 879 1791 941; baseline -0.002 -14"><span class='ocrx_word' id='word_1_90' title='bbox 98 881 282 928; x_wconf 86' lang='lat' dir='ltr'>buntur</span> <span class='ocrx_word' id='word_1_91' title='bbox 321 881 421 927; x_wconf 87' lang='lat' dir='ltr'>illis</span> <span class='ocrx_word' id='word_1_92' title='bbox 461 883 568 927; x_wconf 89' lang='lat' dir='ltr'>tum</span> <span class='ocrx_word' id='word_1_93' title='bbox 609 895 804 941; x_wconf 88' lang='lat' dir='ltr'>quoque</span> <span class='ocrx_word' id='word_1_94' title='bbox 842 883 1067 941; x_wconf 85' lang='lat' dir='ltr'>tempora</span> <span class='ocrx_word' id='word_1_95' title='bbox 1120 895 1221 938; x_wconf 88' lang='lat' dir='ltr'>sua,</span> <span class='ocrx_word' id='word_1_96' title='bbox 1269 895 1426 940; x_wconf 90' lang='lat' dir='ltr'>neque</span> <span class='ocrx_word' id='word_1_97' title='bbox 1480 879 1574 926; x_wconf 88' lang='lat' dir='ltr'>erit</span> <span class='ocrx_word' id='word_1_98' title='bbox 1621 893 1791 925; x_wconf 81' lang='lat' dir='ltr'>veren-</span> 
     </span>
     <span class='ocr_line' id='line_1_15' title="bbox 100 953 1791 1015; baseline -0.002 -13"><span class='ocrx_word' id='word_1_99' title='bbox 100 956 229 1015; x_wconf 87' lang='lat' dir='ltr'>dum,</span> <span class='ocrx_word' id='word_1_100' title='bbox 281 970 341 1002; x_wconf 91' lang='lat' dir='ltr'>ne</span> <span class='ocrx_word' id='word_1_101' title='bbox 394 955 524 1001; x_wconf 84' lang='lat' dir='ltr'>binis</span> <span class='ocrx_word' id='word_1_102' title='bbox 578 954 981 1015; x_wconf 78' lang='lat' dir='ltr'>praeceptoribus</span> <span class='ocrx_word' id='word_1_103' title='bbox 1034 956 1264 1001; x_wconf 86' lang='lat' dir='ltr'>oneret-ur</span> <span class='ocrx_word' id='word_1_104' title='bbox 1317 970 1452 1014; x_wconf 91' lang='lat' dir='ltr'>puer.</span> <span class='ocrx_word' id='word_1_105' title='bbox 1508 969 1607 999; x_wconf 90' lang='lat' dir='ltr'>non</span> <span class='ocrx_word' id='word_1_106' title='bbox 1662 953 1791 1000; x_wconf 84' lang='lat' dir='ltr'>enim</span> 
     </span>
     <span class='ocr_line' id='line_1_16' title="bbox 99 1027 1877 1089; baseline -0.003 -12"><span class='ocrx_word' id='word_1_107' title='bbox 99 1031 296 1089; x_wconf 80' lang='lat' dir='ltr'>crescet,</span> <span class='ocrx_word' id='word_1_108' title='bbox 337 1029 420 1076; x_wconf 88' lang='lat' dir='ltr'>sed</span> <span class='ocrx_word' id='word_1_109' title='bbox 460 1029 708 1076; x_wconf 80' lang='lat' dir='ltr'>dividetur</span> <span class='ocrx_word' id='word_1_110' title='bbox 756 1029 842 1089; x_wconf 88' lang='lat' dir='ltr'>qui</span> <span class='ocrx_word' id='word_1_111' title='bbox 893 1028 982 1075; x_wconf 92' lang='lat' dir='ltr'>sub</span> <span class='ocrx_word' id='word_1_112' title='bbox 1038 1044 1135 1075; x_wconf 90' lang='lat' dir='ltr'>uno</span> <span class='ocrx_word' id='word_1_113' title='bbox 1187 1027 1487 1075; x_wconf 86' lang='lat' dir='ltr'>miscebatur</span> <span class='ocrx_word' id='word_1_114' title='bbox 1536 1027 1691 1087; x_wconf 84' lang='lat' dir='ltr'>labor,</span> <span class='ocrx_word' id='word_1_115' title='bbox 1744 1029 1792 1073; x_wconf 91' lang='lat' dir='ltr'>et</span> <span class='ocrx_word' id='word_1_116' title='bbox 1865 1055 1877 1064; x_wconf 68' lang='grc'>-»</span> 
     </span>
     <span class='ocr_line' id='line_1_17' title="bbox 100 1102 1788 1165; baseline -0.002 -15"><span class='ocrx_word' id='word_1_117' title='bbox 100 1106 193 1151; x_wconf 84' lang='lat' dir='ltr'>erit</span> <span class='ocrx_word' id='word_1_118' title='bbox 233 1104 309 1150; x_wconf 89' lang='lat' dir='ltr'>sui</span> <span class='ocrx_word' id='word_1_119' title='bbox 350 1104 557 1164; x_wconf 88' lang='lat' dir='ltr'>quisque</span> <span class='ocrx_word' id='word_1_120' title='bbox 600 1103 760 1164; x_wconf 85' lang='lat' dir='ltr'>operis</span> <span class='ocrx_word' id='word_1_121' title='bbox 800 1105 1036 1165; x_wconf 87' lang='lat' dir='ltr'>magister</span> <span class='ocrx_word' id='word_1_122' title='bbox 1074 1103 1268 1149; x_wconf 84' lang='lat' dir='ltr'>utilior:</span> <span class='ocrx_word' id='word_1_123' title='bbox 1310 1102 1443 1163; x_wconf 92' lang='lat' dir='ltr'>quod</span> <span class='ocrx_word' id='word_1_124' title='bbox 1475 1102 1635 1148; x_wconf 90' lang='lat' dir='ltr'>adhuc</span> <span class='ocrx_word' id='word_1_125' title='bbox 1660 1102 1788 1162; x_wconf 89' lang='lat' dir='ltr'>opti-</span> 
     </span>
     <span class='ocr_line' id='line_1_18' title="bbox 98 1176 1792 1237; baseline -0.001 -13"><span class='ocrx_word' id='word_1_126' title='bbox 98 1181 217 1225; x_wconf 90' lang='lat' dir='ltr'>nent</span> <span class='ocrx_word' id='word_1_127' title='bbox 258 1176 447 1237; x_wconf 83' lang='lat' dir='ltr'>Graeci,</span> <span class='ocrx_word' id='word_1_128' title='bbox 489 1194 516 1223; x_wconf 88' lang='lat' dir='ltr'>a</span> <span class='ocrx_word' id='word_1_129' title='bbox 554 1177 749 1225; x_wconf 86' lang='lat' dir='ltr'>Latinis</span> <span class='ocrx_word' id='word_1_130' title='bbox 790 1177 1026 1224; x_wconf 89' lang='lat' dir='ltr'>omissum</span> <span class='ocrx_word' id='word_1_131' title='bbox 1067 1179 1153 1237; x_wconf 88' lang='lat' dir='ltr'>est,</span> <span class='ocrx_word' id='word_1_132' title='bbox 1196 1179 1244 1224; x_wconf 89' lang='lat' dir='ltr'>et</span> <span class='ocrx_word' id='word_1_133' title='bbox 1283 1176 1391 1223; x_wconf 85' lang='lat' dir='ltr'>fieri</span> <span class='ocrx_word' id='word_1_134' title='bbox 1429 1176 1627 1223; x_wconf 75' lang='lat' dir='ltr'>videtur</span> <span class='ocrx_word' id='word_1_135' title='bbox 1651 1191 1792 1223; x_wconf 84' lang='lat' dir='ltr'>excu-</span> 
     </span>
     <span class='ocr_line' id='line_1_19' title="bbox 100 1251 1358 1314; baseline -0.001 -15"><span class='ocrx_word' id='word_1_136' title='bbox 100 1254 218 1312; x_wconf 87' lang='lat' dir='ltr'>sate,</span> <span class='ocrx_word' id='word_1_137' title='bbox 260 1253 378 1314; x_wconf 89' lang='lat' dir='ltr'>quia</span> <span class='ocrx_word' id='word_1_138' title='bbox 418 1255 532 1299; x_wconf 91' lang='lat' dir='ltr'>sunt</span> <span class='ocrx_word' id='word_1_139' title='bbox 574 1253 657 1312; x_wconf 91' lang='lat' dir='ltr'>qui</span> <span class='ocrx_word' id='word_1_140' title='bbox 697 1251 856 1298; x_wconf 87' lang='lat' dir='ltr'>labori</span> <span class='ocrx_word' id='word_1_141' title='bbox 896 1252 982 1299; x_wconf 87' lang='lat' dir='ltr'>isti</span> <span class='ocrx_word' id='word_1_142' title='bbox 1021 1251 1358 1299; x_wconf 87' lang='lat' dir='ltr'>successerint.</span> 
     </span>
    </p>
   </div>
   <div class='ocr_carea' id='block_1_7' title="bbox 288 1377 1604 1436">
    <p class='ocr_par' dir='ltr' id='par_1_8' title="bbox 288 1377 1604 1436">
     <span class='ocr_line' id='line_1_20' title="bbox 288 1377 1604 1436; baseline -0.001 -16"><span class='ocrx_word' id='word_1_143' title='bbox 288 1378 387 1436; x_wconf 87' lang='lat' dir='ltr'>[DE</span> <span class='ocrx_word' id='word_1_144' title='bbox 421 1377 688 1421; x_wconf 75' lang='lat' dir='ltr'>MORIBUS</span> <span class='ocrx_word' id='word_1_145' title='bbox 722 1378 799 1420; x_wconf 89' lang='lat' dir='ltr'>ET</span> <span class='ocrx_word' id='word_1_146' title='bbox 834 1377 1080 1421; x_wconf 80' lang='lat' dir='ltr'><strong>OFFICHS</strong></span> <span class='ocrx_word' id='word_1_147' title='bbox 1113 1377 1604 1434; x_wconf 78' lang='lat' dir='ltr'>PRAECEPTORIS.]</span> 
     </span>
    </p>
   </div>
   <div class='ocr_carea' id='block_1_8' title="bbox 100 1489 1883 2073">
    <p class='ocr_par' dir='ltr' id='par_1_9' title="bbox 100 1489 1883 2073">
     <span class='ocr_line' id='line_1_21' title="bbox 248 1489 1883 1552; baseline -0.002 -16"><span class='ocrx_word' id='word_1_148' title='bbox 248 1490 312 1536; x_wconf 87' lang='grc' dir='ltr'>Π.</span> <span class='ocrx_word' id='word_1_149' title='bbox 355 1491 487 1552; x_wconf 87' lang='lat' dir='ltr'>Ergo</span> <span class='ocrx_word' id='word_1_150' title='bbox 529 1505 636 1536; x_wconf 91' lang='lat' dir='ltr'>cum</span> <span class='ocrx_word' id='word_1_151' title='bbox 679 1490 741 1536; x_wconf 90' lang='lat' dir='ltr'>ad</span> <span class='ocrx_word' id='word_1_152' title='bbox 781 1505 862 1537; x_wconf 88' lang='lat' dir='ltr'>eas</span> <span class='ocrx_word' id='word_1_153' title='bbox 902 1490 954 1535; x_wconf 89' lang='lat' dir='ltr'>in</span> <span class='ocrx_word' id='word_1_154' title='bbox 988 1490 1165 1537; x_wconf 84' lang='lat' dir='ltr'>studiis</span> <span class='ocrx_word' id='word_1_155' title='bbox 1190 1491 1320 1537; x_wconf 83' lang='lat' dir='ltr'>vires</span> <span class='ocrx_word' id='word_1_156' title='bbox 1352 1489 1633 1550; x_wconf 82' lang='lat' dir='ltr'>pervenerit</span> <span class='ocrx_word' id='word_1_157' title='bbox 1658 1504 1793 1549; x_wconf 89' lang='lat' dir='ltr'>puer,</span> <span class='ocrx_word' id='word_1_158' title='bbox 1857 1497 1883 1540; x_wconf 92' lang='lat'>1</span> 
     </span>
     <span class='ocr_line' id='line_1_22' title="bbox 100 1563 1794 1626; baseline -0.001 -16"><span class='ocrx_word' id='word_1_159' title='bbox 100 1571 170 1624; x_wconf 87' lang='lat' dir='ltr'>ut,</span> <span class='ocrx_word' id='word_1_160' title='bbox 213 1580 340 1625; x_wconf 89' lang='lat' dir='ltr'>quae</span> <span class='ocrx_word' id='word_1_161' title='bbox 379 1566 541 1625; x_wconf 84' lang='lat' dir='ltr'>prima</span> <span class='ocrx_word' id='word_1_162' title='bbox 594 1580 696 1612; x_wconf 88' lang='lat' dir='ltr'>esse</span> <span class='ocrx_word' id='word_1_163' title='bbox 736 1567 1002 1626; x_wconf 85' lang='lat' dir='ltr'>praecepta</span> <span class='ocrx_word' id='word_1_164' title='bbox 1052 1564 1307 1611; x_wconf 79' lang='lat' dir='ltr'>rhetorum</span> <span class='ocrx_word' id='word_1_165' title='bbox 1357 1563 1584 1622; x_wconf 80' lang='lat' dir='ltr'>diximus,</span> <span class='ocrx_word' id='word_1_166' title='bbox 1631 1566 1794 1609; x_wconf 88' lang='lat' dir='ltr'>mente</span> 
     </span>
     <span class='ocr_line' id='line_1_23' title="bbox 102 1639 1796 1700; baseline -0.002 -14"><span class='ocrx_word' id='word_1_167' title='bbox 102 1640 335 1700; x_wconf 86' lang='lat' dir='ltr'>consequi</span> <span class='ocrx_word' id='word_1_168' title='bbox 359 1639 530 1700; x_wconf 84' lang='lat' dir='ltr'>possit,</span> <span class='ocrx_word' id='word_1_169' title='bbox 561 1639 830 1686; x_wconf 88' lang='lat' dir='ltr'>tradendus</span> <span class='ocrx_word' id='word_1_170' title='bbox 865 1639 968 1686; x_wconf 88' lang='lat' dir='ltr'>eius</span> <span class='ocrx_word' id='word_1_171' title='bbox 1003 1639 1123 1686; x_wconf 88' lang='lat' dir='ltr'>artis</span> <span class='ocrx_word' id='word_1_172' title='bbox 1155 1639 1409 1700; x_wconf 86' lang='lat' dir='ltr'>magistris</span> <span class='ocrx_word' id='word_1_173' title='bbox 1444 1639 1550 1685; x_wconf 86' lang='lat' dir='ltr'>erit.</span> <span class='ocrx_word' id='word_1_174' title='bbox 1586 1654 1796 1698; x_wconf 89' lang='lat' dir='ltr'>quorum</span> 
     </span>
     <span class='ocr_line' id='line_1_24' title="bbox 100 1712 1794 1775; baseline -0.001 -15"><span class='ocrx_word' id='word_1_175' title='bbox 100 1715 154 1760; x_wconf 92' lang='lat' dir='ltr'>in</span> <span class='ocrx_word' id='word_1_176' title='bbox 191 1713 365 1774; x_wconf 86' lang='lat' dir='ltr'>primis</span> <span class='ocrx_word' id='word_1_177' title='bbox 405 1715 585 1774; x_wconf 81' lang='lat' dir='ltr'>inspici</span> <span class='ocrx_word' id='word_1_178' title='bbox 623 1729 782 1760; x_wconf 90' lang='lat' dir='ltr'>mores</span> <span class='ocrx_word' id='word_1_179' title='bbox 832 1712 1099 1774; x_wconf 86' lang='lat' dir='ltr'>oportebit:</span> <span class='ocrx_word' id='word_1_180' title='bbox 1150 1712 1281 1773; x_wconf 93' lang='lat' dir='ltr'>quod</span> <span class='ocrx_word' id='word_1_181' title='bbox 1329 1728 1418 1775; x_wconf 90' lang='lat' dir='ltr'>ego</span> <span class='ocrx_word' id='word_1_182' title='bbox 1466 1729 1566 1760; x_wconf 87' lang='lat' dir='ltr'>non</span> <span class='ocrx_word' id='word_1_183' title='bbox 1612 1712 1794 1758; x_wconf 83' lang='lat' dir='ltr'>idcirco</span> 
     </span>
     <span class='ocr_line' id='line_1_25' title="bbox 101 1787 1796 1850; baseline -0.001 -16"><span class='ocrx_word' id='word_1_184' title='bbox 101 1788 417 1849; x_wconf 86' lang='lat' dir='ltr'>potissimum</span> <span class='ocrx_word' id='word_1_185' title='bbox 455 1787 507 1833; x_wconf 86' lang='lat' dir='ltr'>in</span> <span class='ocrx_word' id='word_1_186' title='bbox 546 1788 640 1834; x_wconf 88' lang='lat' dir='ltr'>hac</span> <span class='ocrx_word' id='word_1_187' title='bbox 679 1791 822 1848; x_wconf 88' lang='lat' dir='ltr'>parte</span> <span class='ocrx_word' id='word_1_188' title='bbox 862 1790 1078 1834; x_wconf 86' lang='lat' dir='ltr'>tractare</span> <span class='ocrx_word' id='word_1_189' title='bbox 1104 1803 1213 1834; x_wconf 89' lang='lat' dir='ltr'>sum</span> <span class='ocrx_word' id='word_1_190' title='bbox 1238 1787 1511 1850; x_wconf 88' lang='lat' dir='ltr'>adgressus,</span> <span class='ocrx_word' id='word_1_191' title='bbox 1555 1788 1673 1847; x_wconf 91' lang='lat' dir='ltr'>quia</span> <span class='ocrx_word' id='word_1_192' title='bbox 1697 1801 1796 1832; x_wconf 93' lang='lat' dir='ltr'>non</span> 
     </span>
     <span class='ocr_line' id='line_1_26' title="bbox 100 1861 1798 1923; baseline -0.001 -15"><span class='ocrx_word' id='word_1_193' title='bbox 100 1865 154 1908; x_wconf 91' lang='lat' dir='ltr'>in</span> <span class='ocrx_word' id='word_1_194' title='bbox 193 1863 366 1909; x_wconf 87' lang='lat' dir='ltr'>ceteris</span> <span class='ocrx_word' id='word_1_195' title='bbox 408 1877 606 1923; x_wconf 88' lang='lat' dir='ltr'>quoque</span> <span class='ocrx_word' id='word_1_196' title='bbox 648 1862 928 1909; x_wconf 87' lang='lat' dir='ltr'>doctoribus</span> <span class='ocrx_word' id='word_1_197' title='bbox 961 1861 1091 1907; x_wconf 89' lang='lat' dir='ltr'>idem</span> <span class='ocrx_word' id='word_1_198' title='bbox 1117 1862 1209 1909; x_wconf 88' lang='lat' dir='ltr'>hoc</span> <span class='ocrx_word' id='word_1_199' title='bbox 1234 1861 1614 1909; x_wconf 75' lang='lat' dir='ltr'>examinandum</span> <span class='ocrx_word' id='word_1_200' title='bbox 1647 1876 1798 1922; x_wconf 90' lang='lat' dir='ltr'>quam</span> 
     </span>
     <span class='ocr_line' id='line_1_27' title="bbox 103 1934 1798 2000; baseline -0.001 -17"><span class='ocrx_word' id='word_1_201' title='bbox 103 1936 481 2000; x_wconf 85' lang='lat' dir='ltr'>diligentissime</span> <span class='ocrx_word' id='word_1_202' title='bbox 520 1939 705 1997; x_wconf 89' lang='lat' dir='ltr'>putem,</span> <span class='ocrx_word' id='word_1_203' title='bbox 748 1937 874 1984; x_wconf 88' lang='lat' dir='ltr'>sicut</span> <span class='ocrx_word' id='word_1_204' title='bbox 912 1939 1125 1984; x_wconf 86' lang='lat' dir='ltr'>testatus</span> <span class='ocrx_word' id='word_1_205' title='bbox 1168 1951 1277 1983; x_wconf 91' lang='lat' dir='ltr'>sum</span> <span class='ocrx_word' id='word_1_206' title='bbox 1314 1936 1441 1983; x_wconf 86' lang='lat' dir='ltr'>libro</span> <span class='ocrx_word' id='word_1_207' title='bbox 1481 1935 1661 1997; x_wconf 88' lang='lat' dir='ltr'>priore,</span> <span class='ocrx_word' id='word_1_208' title='bbox 1713 1934 1798 1982; x_wconf 94' lang='lat' dir='ltr'>sed</span> 
     </span>
     <span class='ocr_line' id='line_1_28' title="bbox 105 2011 1797 2073; baseline -0.001 -15"><span class='ocrx_word' id='word_1_209' title='bbox 105 2011 238 2072; x_wconf 90' lang='lat' dir='ltr'>quod</span> <span class='ocrx_word' id='word_1_210' title='bbox 284 2012 444 2073; x_wconf 89' lang='lat' dir='ltr'>magis</span> <span class='ocrx_word' id='word_1_211' title='bbox 490 2013 818 2058; x_wconf 87' lang='lat' dir='ltr'>necessariam</span> <span class='ocrx_word' id='word_1_212' title='bbox 867 2012 971 2058; x_wconf 91' lang='lat' dir='ltr'>eius</span> <span class='ocrx_word' id='word_1_213' title='bbox 1018 2012 1092 2057; x_wconf 89' lang='lat' dir='ltr'>rei</span> <span class='ocrx_word' id='word_1_214' title='bbox 1140 2011 1444 2058; x_wconf 86' lang='lat' dir='ltr'>mentionem</span> <span class='ocrx_word' id='word_1_215' title='bbox 1489 2011 1611 2056; x_wconf 84' lang='lat' dir='ltr'>facit</span> <span class='ocrx_word' id='word_1_216' title='bbox 1661 2012 1797 2056; x_wconf 88' lang='lat' dir='ltr'>aetas</span> 
     </span>
    </p>
   </div>
   <div class='ocr_carea' id='block_1_9' title="bbox 1857 1705 1885 1747">
    <p class='ocr_par' dir='ltr' id='par_1_10' title="bbox 1857 1705 1885 1747">
     <span class='ocr_line' id='line_1_29' title="bbox 1857 1705 1885 1747; textangle 90"><span class='ocrx_word' id='word_1_217' title='bbox 1857 1705 1885 1747; x_wconf 61' lang='lat' dir='ltr'>Na</span> 
     </span>
    </p>
   </div>
   <div class='ocr_carea' id='block_1_10' title="bbox 59 2076 1889 2147">
    <p class='ocr_par' dir='ltr' id='par_1_11' title="bbox 59 2076 1889 2147">
     <span class='ocr_line' id='line_1_30' title="bbox 59 2076 1889 2147; baseline -0.001 -16"><span class='ocrx_word' id='word_1_218' title='bbox 59 2087 213 2147; x_wconf 82' lang='lat' dir='ltr'>5ipsa</span> <span class='ocrx_word' id='word_1_219' title='bbox 276 2085 582 2133; x_wconf 86' lang='lat' dir='ltr'>discentium.</span> <span class='ocrx_word' id='word_1_220' title='bbox 668 2102 784 2132; x_wconf 88' lang='lat' dir='ltr'>nam</span> <span class='ocrx_word' id='word_1_221' title='bbox 864 2089 912 2132; x_wconf 88' lang='lat' dir='ltr'>et</span> <span class='ocrx_word' id='word_1_222' title='bbox 975 2084 1133 2132; x_wconf 69' lang='lat' dir='ltr'>adusti</span> <span class='ocrx_word' id='word_1_223' title='bbox 1202 2085 1303 2131; x_wconf 89' lang='lat' dir='ltr'>fere</span> <span class='ocrx_word' id='word_1_224' title='bbox 1374 2086 1515 2145; x_wconf 88' lang='lat' dir='ltr'>pueri</span> <span class='ocrx_word' id='word_1_225' title='bbox 1578 2084 1640 2131; x_wconf 92' lang='lat' dir='ltr'>ad</span> <span class='ocrx_word' id='word_1_226' title='bbox 1707 2084 1798 2131; x_wconf 86' lang='lat' dir='ltr'>hos</span> <span class='ocrx_word' id='word_1_227' title='bbox 1859 2076 1889 2120; x_wconf 77' lang='lat'><strong>3</strong></span> 
     </span>
    </p>
   </div>
   <div class='ocr_carea' id='block_1_11' title="bbox 103 2159 1887 2445">
    <p class='ocr_par' dir='ltr' id='par_1_12' title="bbox 103 2159 1887 2445">
     <span class='ocr_line' id='line_1_31' title="bbox 104 2159 1799 2222; baseline -0.002 -15"><span class='ocrx_word' id='word_1_228' title='bbox 104 2163 446 2222; x_wconf 88' lang='lat' dir='ltr'>praeceptores</span> <span class='ocrx_word' id='word_1_229' title='bbox 486 2161 855 2207; x_wconf 83' lang='lat' dir='ltr'>transferuntur</span> <span class='ocrx_word' id='word_1_230' title='bbox 896 2162 945 2206; x_wconf 87' lang='lat' dir='ltr'>et</span> <span class='ocrx_word' id='word_1_231' title='bbox 985 2159 1116 2220; x_wconf 90' lang='lat' dir='ltr'>apud</span> <span class='ocrx_word' id='word_1_232' title='bbox 1157 2175 1238 2207; x_wconf 89' lang='lat' dir='ltr'>eos</span> <span class='ocrx_word' id='word_1_233' title='bbox 1263 2161 1466 2206; x_wconf 88' lang='lat' dir='ltr'>iuvenes</span> <span class='ocrx_word' id='word_1_234' title='bbox 1494 2160 1645 2206; x_wconf 89' lang='lat' dir='ltr'>etiam</span> <span class='ocrx_word' id='word_1_235' title='bbox 1677 2159 1799 2205; x_wconf 86' lang='lat' dir='ltr'>facti</span> 
     </span>
     <span class='ocr_line' id='line_1_32' title="bbox 104 2233 1799 2296; baseline -0.002 -15"><span class='ocrx_word' id='word_1_236' title='bbox 104 2237 433 2295; x_wconf 84' lang='lat' dir='ltr'>perseverant,</span> <span class='ocrx_word' id='word_1_237' title='bbox 472 2234 683 2296; x_wconf 86' lang='lat' dir='ltr'>ideoque</span> <span class='ocrx_word' id='word_1_238' title='bbox 723 2236 882 2281; x_wconf 86' lang='lat' dir='ltr'>maior</span> <span class='ocrx_word' id='word_1_239' title='bbox 921 2233 1201 2281; x_wconf 89' lang='lat' dir='ltr'>adhibenda</span> <span class='ocrx_word' id='word_1_240' title='bbox 1239 2239 1348 2280; x_wconf 89' lang='lat' dir='ltr'>tum</span> <span class='ocrx_word' id='word_1_241' title='bbox 1388 2249 1507 2281; x_wconf 86' lang='lat' dir='ltr'>cura</span> <span class='ocrx_word' id='word_1_242' title='bbox 1533 2235 1620 2292; x_wconf 86' lang='lat' dir='ltr'>est,</span> <span class='ocrx_word' id='word_1_243' title='bbox 1659 2235 1718 2279; x_wconf 91' lang='lat' dir='ltr'>ut</span> <span class='ocrx_word' id='word_1_244' title='bbox 1751 2235 1799 2279; x_wconf 91' lang='lat' dir='ltr'>et</span> 
     </span>
     <span class='ocr_line' id='line_1_33' title="bbox 103 2307 1799 2356; baseline -0.001 -1"><span class='ocrx_word' id='word_1_245' title='bbox 103 2310 373 2355; x_wconf 86' lang='lat' dir='ltr'>teneriores</span> <span class='ocrx_word' id='word_1_246' title='bbox 426 2323 577 2356; x_wconf 88' lang='lat' dir='ltr'>annos</span> <span class='ocrx_word' id='word_1_247' title='bbox 635 2309 695 2355; x_wconf 90' lang='lat' dir='ltr'>ab</span> <span class='ocrx_word' id='word_1_248' title='bbox 745 2310 931 2355; x_wconf 88' lang='lat' dir='ltr'>iniuria</span> <span class='ocrx_word' id='word_1_249' title='bbox 983 2310 1222 2355; x_wconf 87' lang='lat' dir='ltr'>sanctitas</span> <span class='ocrx_word' id='word_1_250' title='bbox 1275 2308 1495 2355; x_wconf 86' lang='lat' dir='ltr'>docentis</span> <span class='ocrx_word' id='word_1_251' title='bbox 1552 2307 1799 2355; x_wconf 85' lang='lat' dir='ltr'>custodiat</span> 
     </span>
     <span class='ocr_line' id='line_1_34' title="bbox 107 2365 1887 2445; baseline -0.001 -16"><span class='ocrx_word' id='word_1_252' title='bbox 107 2385 156 2430; x_wconf 88' lang='lat' dir='ltr'>et</span> <span class='ocrx_word' id='word_1_253' title='bbox 194 2383 456 2430; x_wconf 87' lang='lat' dir='ltr'>ferociores</span> <span class='ocrx_word' id='word_1_254' title='bbox 498 2398 527 2429; x_wconf 90' lang='lat' dir='ltr'>a</span> <span class='ocrx_word' id='word_1_255' title='bbox 565 2383 769 2430; x_wconf 88' lang='lat' dir='ltr'>licentia</span> <span class='ocrx_word' id='word_1_256' title='bbox 809 2384 1030 2445; x_wconf 85' lang='lat' dir='ltr'>gravitas</span> <span class='ocrx_word' id='word_1_257' title='bbox 1071 2383 1332 2430; x_wconf 83' lang='lat' dir='ltr'>deterreat.</span> <span class='ocrx_word' id='word_1_258' title='bbox 1372 2399 1533 2443; x_wconf 92' lang='lat' dir='ltr'>neque</span> <span class='ocrx_word' id='word_1_259' title='bbox 1571 2398 1688 2429; x_wconf 80' lang='lat' dir='ltr'>vero</span> <span class='ocrx_word' id='word_1_260' title='bbox 1723 2384 1799 2428; x_wconf 89' lang='lat' dir='ltr'>sat</span> <span class='ocrx_word' id='word_1_261' title='bbox 1858 2365 1887 2411; x_wconf 79' lang='lat'><strong>4</strong></span> 
     </span>
    </p>
   </div>
   <div class='ocr_carea' id='block_1_12' title="bbox 39 2457 1800 2518">
    <p class='ocr_par' dir='ltr' id='par_1_13' title="bbox 39 2457 1800 2518">
     <span class='ocr_line' id='line_1_35' title="bbox 39 2457 1800 2518; baseline -0.001 -14"><span class='ocrx_word' id='word_1_262' title='bbox 39 2473 82 2504; x_wconf 85' lang='lat'>30</span> <span class='ocrx_word' id='word_1_263' title='bbox 107 2460 182 2504; x_wconf 87' lang='lat' dir='ltr'>est</span> <span class='ocrx_word' id='word_1_264' title='bbox 221 2473 465 2504; x_wconf 88' lang='lat' dir='ltr'>summam</span> <span class='ocrx_word' id='word_1_265' title='bbox 495 2460 747 2518; x_wconf 87' lang='lat' dir='ltr'>praestare</span> <span class='ocrx_word' id='word_1_266' title='bbox 782 2457 1148 2517; x_wconf 85' lang='lat' dir='ltr'>abstinentiam,</span> <span class='ocrx_word' id='word_1_267' title='bbox 1182 2458 1280 2504; x_wconf 88' lang='lat' dir='ltr'>nisi</span> <span class='ocrx_word' id='word_1_268' title='bbox 1304 2457 1594 2517; x_wconf 84' lang='lat' dir='ltr'>disciplinae</span> <span class='ocrx_word' id='word_1_269' title='bbox 1620 2457 1800 2503; x_wconf 83' lang='lat' dir='ltr'>severi-</span> 
     </span>
    </p>
   </div>
   <div class='ocr_carea' id='block_1_13' title="bbox 104 2531 1800 2669">
    <p class='ocr_par' dir='ltr' id='par_1_14' title="bbox 104 2531 1800 2669">
     <span class='ocr_line' id='line_1_36' title="bbox 104 2531 1649 2593; baseline -0.001 -15"><span class='ocrx_word' id='word_1_270' title='bbox 104 2534 209 2578; x_wconf 85' lang='lat' dir='ltr'>tate</span> <span class='ocrx_word' id='word_1_271' title='bbox 250 2533 647 2579; x_wconf 81' lang='lat' dir='ltr'>convenientium</span> <span class='ocrx_word' id='word_1_272' title='bbox 687 2548 881 2593; x_wconf 87' lang='lat' dir='ltr'>quoque</span> <span class='ocrx_word' id='word_1_273' title='bbox 923 2531 985 2579; x_wconf 88' lang='lat' dir='ltr'>ad</span> <span class='ocrx_word' id='word_1_274' title='bbox 1026 2547 1075 2579; x_wconf 90' lang='lat' dir='ltr'>se</span> <span class='ocrx_word' id='word_1_275' title='bbox 1115 2548 1275 2579; x_wconf 89' lang='lat' dir='ltr'>mores</span> <span class='ocrx_word' id='word_1_276' title='bbox 1316 2531 1649 2578; x_wconf 82' lang='lat' dir='ltr'>adstrinxerit.</span> 
     </span>
     <span class='ocr_line' id='line_1_37' title="bbox 220 2604 1800 2669; baseline 0.001 -18"><span class='ocrx_word' id='word_1_277' title='bbox 220 2604 394 2652; x_wconf 79' lang='lat' dir='ltr'>Sumat</span> <span class='ocrx_word' id='word_1_278' title='bbox 433 2605 589 2668; x_wconf 80' lang='lat' dir='ltr'>igitur</span> <span class='ocrx_word' id='word_1_279' title='bbox 629 2608 742 2653; x_wconf 88' lang='lat' dir='ltr'>ante</span> <span class='ocrx_word' id='word_1_280' title='bbox 785 2605 951 2653; x_wconf 90' lang='lat' dir='ltr'>omnia</span> <span class='ocrx_word' id='word_1_281' title='bbox 989 2607 1209 2667; x_wconf 88' lang='lat' dir='ltr'>parentis</span> <span class='ocrx_word' id='word_1_282' title='bbox 1251 2622 1368 2669; x_wconf 89' lang='lat' dir='ltr'>erga</span> <span class='ocrx_word' id='word_1_283' title='bbox 1394 2605 1659 2666; x_wconf 85' lang='lat' dir='ltr'>discipulos</span> <span class='ocrx_word' id='word_1_284' title='bbox 1687 2620 1800 2652; x_wconf 90' lang='lat' dir='ltr'>suos</span> 
     </span>
    </p>
   </div>
   <div class='ocr_carea' id='block_1_14' title="bbox 107 2777 1800 2954">
    <p class='ocr_par' dir='ltr' id='par_1_15' title="bbox 107 2777 1800 2954">
     <span class='ocr_line' id='line_1_38' title="bbox 229 2777 1800 2834; baseline -0.001 -15"><span class='ocrx_word' id='word_1_285' title='bbox 229 2782 251 2819; x_wconf 91' lang='lat'>1</span> <span class='ocrx_word' id='word_1_286' title='bbox 286 2790 471 2831; x_wconf 88' lang='lat' dir='ltr'>quoque</span> <span class='ocrx_word' id='word_1_287' title='bbox 503 2791 596 2820; x_wconf 75' lang='lat' dir='ltr'>non</span> <span class='ocrx_word' id='word_1_288' title='bbox 627 2783 740 2822; x_wconf 72' lang='lat' dir='ltr'>recte</span> <span class='ocrx_word' id='word_1_289' title='bbox 772 2778 1086 2834; x_wconf 75' lang='lat' dir='ltr'>deZSpaldsny</span> <span class='ocrx_word' id='word_1_290' title='bbox 1208 2783 1233 2820; x_wconf 80' lang='grc' dir='ltr'>ὁ</span> <span class='ocrx_word' id='word_1_291' title='bbox 1268 2777 1415 2820; x_wconf 85' lang='lat' dir='ltr'>utaris</span> <span class='ocrx_word' id='word_1_292' title='bbox 1440 2785 1529 2819; x_wconf 85' lang='lat' dir='ltr'>BP</span> <span class='ocrx_word' id='word_1_293' title='bbox 1648 2781 1672 2818; x_wconf 83' lang='lat'><strong>9</strong></span> <span class='ocrx_word' id='word_1_294' title='bbox 1705 2778 1800 2818; x_wconf 78' lang='lat' dir='ltr'>tra-</span> 
     </span>
     <span class='ocr_line' id='line_1_39' title="bbox 109 2835 1798 2880; baseline 0 -2"><span class='ocrx_word' id='word_1_295' title='bbox 109 2835 288 2878; x_wconf 84' lang='lat' dir='ltr'>dendus</span> <span class='ocrx_word' id='word_1_296' title='bbox 319 2843 357 2877; x_wconf 81' lang='lat' dir='ltr'><strong><em>A</em></strong></span> <span class='ocrx_word' id='word_1_297' title='bbox 481 2840 535 2879; x_wconf 88' lang='lat'>10</span> <span class='ocrx_word' id='word_1_298' title='bbox 570 2838 617 2879; x_wconf 88' lang='lat' dir='ltr'>et</span> <span class='ocrx_word' id='word_1_299' title='bbox 648 2836 742 2879; x_wconf 87' lang='lat' dir='ltr'>illis</span> <span class='ocrx_word' id='word_1_300' title='bbox 774 2845 812 2878; x_wconf 81' lang='lat' dir='ltr'><em>A</em></span> <span class='ocrx_word' id='word_1_301' title='bbox 966 2842 1020 2879; x_wconf 82' lang='lat'>12</span> <span class='ocrx_word' id='word_1_302' title='bbox 1054 2837 1281 2880; x_wconf 85' lang='lat' dir='ltr'>dividitur</span> <span class='ocrx_word' id='word_1_303' title='bbox 1312 2845 1358 2879; x_wconf 84' lang='lat' dir='ltr'><em>B</em></span> <span class='ocrx_word' id='word_1_304' title='bbox 1479 2842 1532 2879; x_wconf 82' lang='lat'>15</span> <span class='ocrx_word' id='word_1_305' title='bbox 1567 2849 1798 2879; x_wconf 71' lang='lat' dir='ltr'>successe-</span> 
     </span>
     <span class='ocr_line' id='line_1_40' title="bbox 107 2894 1277 2954; baseline 0.001 -17"><span class='ocrx_word' id='word_1_306' title='bbox 107 2897 218 2938; x_wconf 86' lang='lat' dir='ltr'>runt</span> <span class='ocrx_word' id='word_1_307' title='bbox 247 2902 294 2937; x_wconf 89' lang='lat' dir='ltr'><em>B</em></span> <span class='ocrx_word' id='word_1_308' title='bbox 324 2894 433 2951; x_wconf 87' lang='lat' dir='ltr'>(-int</span> <span class='ocrx_word' id='word_1_309' title='bbox 464 2897 532 2951; x_wconf 73' lang='lat' dir='ltr'>N)</span> <span class='ocrx_word' id='word_1_310' title='bbox 656 2901 711 2940; x_wconf 85' lang='lat'>30</span> <span class='ocrx_word' id='word_1_311' title='bbox 745 2897 1042 2954; x_wconf 87' lang='lat' dir='ltr'>summmam]</span> <span class='ocrx_word' id='word_1_312' title='bbox 1076 2909 1209 2939; x_wconf 85' lang='lat' dir='ltr'>suam</span> <span class='ocrx_word' id='word_1_313' title='bbox 1240 2904 1277 2938; x_wconf 79' lang='lat' dir='ltr'><strong><em>A</em></strong></span> 
     </span>
    </p>
   </div>
  </div>
 </body>
</html>
