<?xml version="1.0" encoding="UTF-8"?>
<!DOCTYPE html PUBLIC "-//W3C//DTD XHTML 1.0 Transitional//EN"
    "http://www.w3.org/TR/xhtml1/DTD/xhtml1-transitional.dtd">
<html xmlns="http://www.w3.org/1999/xhtml" xml:lang="en" lang="en">
 <head>
  <title>
</title>
<meta http-equiv="Content-Type" content="text/html;charset=utf-8" />
  <meta name='ocr-system' content='tesseract 3.04.00' />
  <meta name='ocr-capabilities' content='ocr_page ocr_carea ocr_par ocr_line ocrx_word'/>
</head>
<body>
  <div class='ocr_page' id='page_1' title='image "./institvtionisora00quinuoft/institvtionisora00quinuoft_0180.png"; bbox 0 0 2055 3130; ppageno 0'>
   <div class='ocr_carea' id='block_1_1' title="bbox 283 92 1454 145">
    <p class='ocr_par' dir='ltr' id='par_1_1' title="bbox 283 92 1454 145">
     <span class='ocr_line' id='line_1_1' title="bbox 283 92 1454 145; baseline -0.003 -5"><span class='ocrx_word' id='word_1_1' title='bbox 283 95 309 144; x_wconf 91' lang='lat'>1</span> <span class='ocrx_word' id='word_1_2' title='bbox 318 93 388 145; x_wconf 88' lang='grc'>60</span> <span class='ocrx_word' id='word_1_3' title='bbox 774 92 920 145; x_wconf 75' lang='lat' dir='ltr'>QV1N</span> <span class='ocrx_word' id='word_1_4' title='bbox 922 93 1149 137; x_wconf 88' lang='lat' dir='ltr'>TILIANI</span> <span class='ocrx_word' id='word_1_5' title='bbox 1177 92 1243 136; x_wconf 90' lang='lat' dir='ltr'>IN</span> <span class='ocrx_word' id='word_1_6' title='bbox 1247 93 1341 139; x_wconf 84' lang='lat' dir='ltr'>ST..</span> <span class='ocrx_word' id='word_1_7' title='bbox 1362 92 1454 137; x_wconf 90' lang='lat' dir='ltr'>OR.</span> 
     </span>
    </p>
   </div>
   <div class='ocr_carea' id='block_1_2' title="bbox 214 232 1947 1611">
    <p class='ocr_par' dir='ltr' id='par_1_2' title="bbox 214 232 1947 1611">
     <span class='ocr_line' id='line_1_2' title="bbox 275 232 1946 293; baseline 0.002 -15"><span class='ocrx_word' id='word_1_8' title='bbox 275 233 438 293; x_wconf 90' lang='lat' dir='ltr'>ipsum</span> <span class='ocrx_word' id='word_1_9' title='bbox 478 247 671 292; x_wconf 88' lang='lat' dir='ltr'>quoque</span> <span class='ocrx_word' id='word_1_10' title='bbox 710 232 843 278; x_wconf 90' lang='lat' dir='ltr'>caelo</span> <span class='ocrx_word' id='word_1_11' title='bbox 881 233 1129 292; x_wconf 90' lang='lat' dir='ltr'>receptum</span> <span class='ocrx_word' id='word_1_12' title='bbox 1168 232 1402 292; x_wconf 88' lang='lat' dir='ltr'>temporis</span> <span class='ocrx_word' id='word_1_13' title='bbox 1451 233 1552 279; x_wconf 89' lang='lat' dir='ltr'>eius</span> <span class='ocrx_word' id='word_1_14' title='bbox 1591 233 1810 281; x_wconf 88' lang='lat' dir='ltr'>homines</span> <span class='ocrx_word' id='word_1_15' title='bbox 1849 250 1946 281; x_wconf 91' lang='lat' dir='ltr'>non</span> 
     </span>
     <span class='ocr_line' id='line_1_3' title="bbox 220 304 1946 367; baseline 0.004 -20"><span class='ocrx_word' id='word_1_16' title='bbox 220 304 251 347; x_wconf 78' lang='lat'><strong>6</strong></span> <span class='ocrx_word' id='word_1_17' title='bbox 278 305 623 353; x_wconf 77' lang='lat' dir='ltr'>dubitaverint.</span> <span class='ocrx_word' id='word_1_18' title='bbox 666 304 907 365; x_wconf 83' lang='lat' dir='ltr'>quaedam</span> <span class='ocrx_word' id='word_1_19' title='bbox 944 320 1062 351; x_wconf 85' lang='lat' dir='ltr'>vero</span> <span class='ocrx_word' id='word_1_20' title='bbox 1103 305 1252 351; x_wconf 85' lang='lat' dir='ltr'>etiam</span> <span class='ocrx_word' id='word_1_21' title='bbox 1296 307 1350 351; x_wconf 89' lang='lat' dir='ltr'>in</span> <span class='ocrx_word' id='word_1_22' title='bbox 1395 305 1688 353; x_wconf 85' lang='lat' dir='ltr'>defensionis</span> <span class='ocrx_word' id='word_1_23' title='bbox 1736 309 1946 367; x_wconf 89' lang='lat' dir='ltr'>speciem</span> 
     </span>
     <span class='ocr_line' id='line_1_4' title="bbox 277 377 1946 443; baseline 0.001 -18"><span class='ocrx_word' id='word_1_24' title='bbox 277 379 466 438; x_wconf 87' lang='lat' dir='ltr'>cadent,</span> <span class='ocrx_word' id='word_1_25' title='bbox 519 380 576 424; x_wconf 90' lang='lat' dir='ltr'>ut</span> <span class='ocrx_word' id='word_1_26' title='bbox 614 378 655 424; x_wconf 89' lang='lat' dir='ltr'>si</span> <span class='ocrx_word' id='word_1_27' title='bbox 693 379 746 423; x_wconf 91' lang='lat' dir='ltr'>in</span> <span class='ocrx_word' id='word_1_28' title='bbox 783 377 928 424; x_wconf 91' lang='lat' dir='ltr'>laude</span> <span class='ocrx_word' id='word_1_29' title='bbox 966 377 1190 424; x_wconf 87' lang='lat' dir='ltr'>Herculis</span> <span class='ocrx_word' id='word_1_30' title='bbox 1239 380 1574 438; x_wconf 89' lang='lat' dir='ltr'>permutatum</span> <span class='ocrx_word' id='word_1_31' title='bbox 1621 394 1729 425; x_wconf 91' lang='lat' dir='ltr'>cum</span> <span class='ocrx_word' id='word_1_32' title='bbox 1775 382 1946 443; x_wconf 76' lang='lat' dir='ltr'>regina</span> 
     </span>
     <span class='ocr_line' id='line_1_5' title="bbox 272 451 1947 512; baseline 0.001 -14"><span class='ocrx_word' id='word_1_33' title='bbox 272 451 459 512; x_wconf 81' lang='lat' dir='ltr'>Lydiae</span> <span class='ocrx_word' id='word_1_34' title='bbox 508 451 733 498; x_wconf 87' lang='lat' dir='ltr'>habitum</span> <span class='ocrx_word' id='word_1_35' title='bbox 780 454 829 498; x_wconf 93' lang='lat' dir='ltr'>et</span> <span class='ocrx_word' id='word_1_36' title='bbox 880 453 1138 511; x_wconf 88' lang='lat' dir='ltr'>imperata,</span> <span class='ocrx_word' id='word_1_37' title='bbox 1190 452 1247 497; x_wconf 87' lang='lat' dir='ltr'>ut</span> <span class='ocrx_word' id='word_1_38' title='bbox 1294 451 1523 511; x_wconf 84' lang='lat' dir='ltr'>traditur,</span> <span class='ocrx_word' id='word_1_39' title='bbox 1577 467 1727 512; x_wconf 90' lang='lat' dir='ltr'>pensa</span> <span class='ocrx_word' id='word_1_40' title='bbox 1782 455 1947 500; x_wconf 89' lang='lat' dir='ltr'>orator</span> 
     </span>
     <span class='ocr_line' id='line_1_6' title="bbox 273 523 1942 586; baseline 0.001 -15"><span class='ocrx_word' id='word_1_41' title='bbox 273 527 481 572; x_wconf 86' lang='lat' dir='ltr'>excuset.</span> <span class='ocrx_word' id='word_1_42' title='bbox 523 523 607 571; x_wconf 91' lang='lat' dir='ltr'>sed</span> <span class='ocrx_word' id='word_1_43' title='bbox 644 525 899 584; x_wconf 89' lang='lat' dir='ltr'>proprium</span> <span class='ocrx_word' id='word_1_44' title='bbox 937 524 1098 570; x_wconf 86' lang='lat' dir='ltr'>laudis</span> <span class='ocrx_word' id='word_1_45' title='bbox 1132 526 1206 570; x_wconf 89' lang='lat' dir='ltr'>est</span> <span class='ocrx_word' id='word_1_46' title='bbox 1235 539 1312 571; x_wconf 91' lang='lat' dir='ltr'>res</span> <span class='ocrx_word' id='word_1_47' title='bbox 1345 524 1643 586; x_wconf 87' lang='lat' dir='ltr'>amplificare</span> <span class='ocrx_word' id='word_1_48' title='bbox 1676 527 1725 572; x_wconf 91' lang='lat' dir='ltr'>et</span> <span class='ocrx_word' id='word_1_49' title='bbox 1756 541 1942 573; x_wconf 88' lang='lat' dir='ltr'>ornare.</span> 
     </span>
     <span class='ocr_line' id='line_1_7' title="bbox 386 597 1943 657; baseline 0.001 -13"><span class='ocrx_word' id='word_1_50' title='bbox 386 597 520 652; x_wconf 83' lang='lat' dir='ltr'>Quae</span> <span class='ocrx_word' id='word_1_51' title='bbox 566 599 775 644; x_wconf 88' lang='lat' dir='ltr'>materia</span> <span class='ocrx_word' id='word_1_52' title='bbox 820 598 1083 657; x_wconf 82' lang='lat' dir='ltr'>praecipue</span> <span class='ocrx_word' id='word_1_53' title='bbox 1131 597 1327 657; x_wconf 90' lang='lat' dir='ltr'>quidem</span> <span class='ocrx_word' id='word_1_54' title='bbox 1371 600 1424 644; x_wconf 90' lang='lat' dir='ltr'>in</span> <span class='ocrx_word' id='word_1_55' title='bbox 1469 598 1582 644; x_wconf 90' lang='lat' dir='ltr'>deos</span> <span class='ocrx_word' id='word_1_56' title='bbox 1631 600 1679 645; x_wconf 90' lang='lat' dir='ltr'>et</span> <span class='ocrx_word' id='word_1_57' title='bbox 1724 599 1943 646; x_wconf 85' lang='lat' dir='ltr'>homines</span> 
     </span>
     <span class='ocr_line' id='line_1_8' title="bbox 274 670 1944 730; baseline 0.001 -13"><span class='ocrx_word' id='word_1_58' title='bbox 274 670 420 730; x_wconf 87' lang='lat' dir='ltr'>cadit,</span> <span class='ocrx_word' id='word_1_59' title='bbox 467 673 539 717; x_wconf 91' lang='lat' dir='ltr'>est</span> <span class='ocrx_word' id='word_1_60' title='bbox 577 673 742 717; x_wconf 88' lang='lat' dir='ltr'>tamen</span> <span class='ocrx_word' id='word_1_61' title='bbox 782 673 831 716; x_wconf 88' lang='lat' dir='ltr'>et</span> <span class='ocrx_word' id='word_1_62' title='bbox 870 670 1082 717; x_wconf 86' lang='lat' dir='ltr'>aliorum</span> <span class='ocrx_word' id='word_1_63' title='bbox 1120 671 1429 717; x_wconf 88' lang='lat' dir='ltr'>animalium:</span> <span class='ocrx_word' id='word_1_64' title='bbox 1478 674 1551 718; x_wconf 93' lang='lat' dir='ltr'>est</span> <span class='ocrx_word' id='word_1_65' title='bbox 1591 673 1740 718; x_wconf 91' lang='lat' dir='ltr'>etiam</span> <span class='ocrx_word' id='word_1_66' title='bbox 1780 687 1944 719; x_wconf 88' lang='lat' dir='ltr'>caren-</span> 
     </span>
     <span class='ocr_line' id='line_1_9' title="bbox 220 743 1945 806; baseline 0.003 -19"><span class='ocrx_word' id='word_1_67' title='bbox 220 743 245 786; x_wconf 82' lang='grc'><strong>7</strong></span> <span class='ocrx_word' id='word_1_68' title='bbox 273 746 399 790; x_wconf 91' lang='lat' dir='ltr'>tium</span> <span class='ocrx_word' id='word_1_69' title='bbox 439 745 615 790; x_wconf 85' lang='lat' dir='ltr'>anima.</span> <span class='ocrx_word' id='word_1_70' title='bbox 655 759 823 790; x_wconf 88' lang='lat' dir='ltr'>verum</span> <span class='ocrx_word' id='word_1_71' title='bbox 862 745 914 790; x_wconf 91' lang='lat' dir='ltr'>in</span> <span class='ocrx_word' id='word_1_72' title='bbox 948 743 1049 790; x_wconf 90' lang='lat' dir='ltr'>deis</span> <span class='ocrx_word' id='word_1_73' title='bbox 1075 745 1370 806; x_wconf 70' lang='lat' dir='ltr'>generaliter</span> <span class='ocrx_word' id='word_1_74' title='bbox 1393 745 1605 805; x_wconf 89' lang='lat' dir='ltr'>primum</span> <span class='ocrx_word' id='word_1_75' title='bbox 1638 745 1945 792; x_wconf 87' lang='lat' dir='ltr'>maiestatem</span> 
     </span>
     <span class='ocr_line' id='line_1_10' title="bbox 272 817 1944 879; baseline 0.001 -16"><span class='ocrx_word' id='word_1_76' title='bbox 272 818 427 879; x_wconf 91' lang='lat' dir='ltr'>ipsius</span> <span class='ocrx_word' id='word_1_77' title='bbox 482 833 648 864; x_wconf 84' lang='lat' dir='ltr'>eorum</span> <span class='ocrx_word' id='word_1_78' title='bbox 699 819 905 863; x_wconf 73' lang='lat' dir='ltr'>naturae</span> <span class='ocrx_word' id='word_1_79' title='bbox 961 817 1314 876; x_wconf 78' lang='lat' dir='ltr'>venerabimur,</span> <span class='ocrx_word' id='word_1_80' title='bbox 1369 818 1541 864; x_wconf 89' lang='lat' dir='ltr'>deinde</span> <span class='ocrx_word' id='word_1_81' title='bbox 1595 819 1791 879; x_wconf 85' lang='lat' dir='ltr'>proprie</span> <span class='ocrx_word' id='word_1_82' title='bbox 1842 820 1944 865; x_wconf 86' lang='lat' dir='ltr'>vim</span> 
     </span>
     <span class='ocr_line' id='line_1_11' title="bbox 275 890 1943 951; baseline 0.001 -14"><span class='ocrx_word' id='word_1_83' title='bbox 275 892 508 951; x_wconf 88' lang='lat' dir='ltr'>cuiusque</span> <span class='ocrx_word' id='word_1_84' title='bbox 548 892 596 937; x_wconf 92' lang='lat' dir='ltr'>et</span> <span class='ocrx_word' id='word_1_85' title='bbox 633 892 850 950; x_wconf 86' lang='lat' dir='ltr'>inventa,</span> <span class='ocrx_word' id='word_1_86' title='bbox 893 906 1017 950; x_wconf 90' lang='lat' dir='ltr'>quae</span> <span class='ocrx_word' id='word_1_87' title='bbox 1055 890 1179 936; x_wconf 90' lang='lat' dir='ltr'>utile</span> <span class='ocrx_word' id='word_1_88' title='bbox 1220 890 1409 951; x_wconf 88' lang='lat' dir='ltr'>aliquid</span> <span class='ocrx_word' id='word_1_89' title='bbox 1446 891 1725 938; x_wconf 89' lang='lat' dir='ltr'>hominibus</span> <span class='ocrx_word' id='word_1_90' title='bbox 1767 892 1943 939; x_wconf 82' lang='lat' dir='ltr'>attule-</span> 
     </span>
     <span class='ocr_line' id='line_1_12' title="bbox 215 962 1943 1026; baseline 0.002 -19"><span class='ocrx_word' id='word_1_91' title='bbox 215 962 246 1006; x_wconf 80' lang='lat' dir='ltr'>S</span> <span class='ocrx_word' id='word_1_92' title='bbox 271 965 385 1010; x_wconf 86' lang='lat' dir='ltr'>rint.</span> <span class='ocrx_word' id='word_1_93' title='bbox 424 965 499 1011; x_wconf 83' lang='lat' dir='ltr'>vis</span> <span class='ocrx_word' id='word_1_94' title='bbox 540 963 836 1023; x_wconf 88' lang='lat' dir='ltr'>ostendetur,</span> <span class='ocrx_word' id='word_1_95' title='bbox 882 965 938 1009; x_wconf 93' lang='lat' dir='ltr'>ut</span> <span class='ocrx_word' id='word_1_96' title='bbox 984 965 1035 1009; x_wconf 91' lang='lat' dir='ltr'>in</span> <span class='ocrx_word' id='word_1_97' title='bbox 1080 963 1195 1010; x_wconf 87' lang='lat' dir='ltr'>Iove</span> <span class='ocrx_word' id='word_1_98' title='bbox 1244 963 1567 1026; x_wconf 87' lang='lat' dir='ltr'>regendorum</span> <span class='ocrx_word' id='word_1_99' title='bbox 1607 966 1839 1024; x_wconf 91' lang='lat' dir='ltr'>omnium,</span> <span class='ocrx_word' id='word_1_100' title='bbox 1893 966 1943 1011; x_wconf 90' lang='lat' dir='ltr'>in</span> 
     </span>
     <span class='ocr_line' id='line_1_13' title="bbox 270 1037 1944 1098; baseline 0.001 -15"><span class='ocrx_word' id='word_1_101' title='bbox 270 1037 428 1084; x_wconf 87' lang='lat' dir='ltr'>Marte</span> <span class='ocrx_word' id='word_1_102' title='bbox 481 1037 614 1096; x_wconf 86' lang='lat' dir='ltr'>belli,</span> <span class='ocrx_word' id='word_1_103' title='bbox 664 1037 716 1082; x_wconf 91' lang='lat' dir='ltr'>in</span> <span class='ocrx_word' id='word_1_104' title='bbox 769 1037 1000 1098; x_wconf 77' lang='lat' dir='ltr'>Neptuno</span> <span class='ocrx_word' id='word_1_105' title='bbox 1054 1038 1226 1085; x_wconf 90' lang='lat' dir='ltr'>maris:</span> <span class='ocrx_word' id='word_1_106' title='bbox 1279 1039 1495 1097; x_wconf 86' lang='lat' dir='ltr'>inventa,</span> <span class='ocrx_word' id='word_1_107' title='bbox 1549 1040 1605 1084; x_wconf 94' lang='lat' dir='ltr'>ut</span> <span class='ocrx_word' id='word_1_108' title='bbox 1659 1040 1841 1085; x_wconf 89' lang='lat' dir='ltr'>artium</span> <span class='ocrx_word' id='word_1_109' title='bbox 1893 1040 1944 1084; x_wconf 88' lang='lat' dir='ltr'>in</span> 
     </span>
     <span class='ocr_line' id='line_1_14' title="bbox 270 1110 1944 1172; baseline 0.002 -16"><span class='ocrx_word' id='word_1_110' title='bbox 270 1111 507 1171; x_wconf 86' lang='lat' dir='ltr'>Minerva,</span> <span class='ocrx_word' id='word_1_111' title='bbox 556 1110 795 1157; x_wconf 83' lang='lat' dir='ltr'>Mercurio</span> <span class='ocrx_word' id='word_1_112' title='bbox 835 1111 1126 1169; x_wconf 88' lang='lat' dir='ltr'>litterarum,</span> <span class='ocrx_word' id='word_1_113' title='bbox 1166 1110 1437 1158; x_wconf 84' lang='lat' dir='ltr'>medicinae</span> <span class='ocrx_word' id='word_1_114' title='bbox 1476 1111 1721 1172; x_wconf 87' lang='lat' dir='ltr'>Apolline,</span> <span class='ocrx_word' id='word_1_115' title='bbox 1773 1110 1944 1159; x_wconf 85' lang='lat' dir='ltr'>Cerere</span> 
     </span>
     <span class='ocr_line' id='line_1_15' title="bbox 270 1183 1943 1247; baseline 0.001 -17"><span class='ocrx_word' id='word_1_116' title='bbox 270 1185 485 1247; x_wconf 84' lang='lat' dir='ltr'>frugum,</span> <span class='ocrx_word' id='word_1_117' title='bbox 532 1183 708 1230; x_wconf 90' lang='lat' dir='ltr'>Libero</span> <span class='ocrx_word' id='word_1_118' title='bbox 757 1184 872 1230; x_wconf 86' lang='lat' dir='ltr'>vini.</span> <span class='ocrx_word' id='word_1_119' title='bbox 942 1186 1051 1230; x_wconf 89' lang='lat' dir='ltr'>tum</span> <span class='ocrx_word' id='word_1_120' title='bbox 1099 1184 1140 1231; x_wconf 91' lang='lat' dir='ltr'>si</span> <span class='ocrx_word' id='word_1_121' title='bbox 1188 1199 1284 1244; x_wconf 88' lang='lat' dir='ltr'>qua</span> <span class='ocrx_word' id='word_1_122' title='bbox 1335 1185 1395 1231; x_wconf 89' lang='lat' dir='ltr'>ab</span> <span class='ocrx_word' id='word_1_123' title='bbox 1446 1185 1506 1231; x_wconf 90' lang='lat' dir='ltr'>iis</span> <span class='ocrx_word' id='word_1_124' title='bbox 1562 1186 1673 1231; x_wconf 87' lang='lat' dir='ltr'>acta</span> <span class='ocrx_word' id='word_1_125' title='bbox 1726 1187 1943 1232; x_wconf 84' lang='lat' dir='ltr'>vetustas</span> 
     </span>
     <span class='ocr_line' id='line_1_16' title="bbox 269 1256 1943 1319; baseline 0.001 -15"><span class='ocrx_word' id='word_1_126' title='bbox 269 1257 493 1317; x_wconf 85' lang='lat' dir='ltr'>tradidit,</span> <span class='ocrx_word' id='word_1_127' title='bbox 517 1256 953 1304; x_wconf 88' lang='lat' dir='ltr'>commemoranda.</span> <span class='ocrx_word' id='word_1_128' title='bbox 995 1257 1183 1303; x_wconf 87' lang='lat' dir='ltr'>addunt</span> <span class='ocrx_word' id='word_1_129' title='bbox 1215 1258 1365 1304; x_wconf 90' lang='lat' dir='ltr'>etiam</span> <span class='ocrx_word' id='word_1_130' title='bbox 1397 1257 1490 1304; x_wconf 85' lang='lat' dir='ltr'>diis</span> <span class='ocrx_word' id='word_1_131' title='bbox 1513 1257 1747 1304; x_wconf 88' lang='lat' dir='ltr'>honorem</span> <span class='ocrx_word' id='word_1_132' title='bbox 1770 1274 1943 1319; x_wconf 89' lang='lat' dir='ltr'>paren-</span> 
     </span>
     <span class='ocr_line' id='line_1_17' title="bbox 270 1330 1943 1394; baseline 0 -17"><span class='ocrx_word' id='word_1_133' title='bbox 270 1333 357 1391; x_wconf 87' lang='lat' dir='ltr'>tes,</span> <span class='ocrx_word' id='word_1_134' title='bbox 398 1333 456 1377; x_wconf 91' lang='lat' dir='ltr'>ut</span> <span class='ocrx_word' id='word_1_135' title='bbox 494 1333 535 1378; x_wconf 90' lang='lat' dir='ltr'>si</span> <span class='ocrx_word' id='word_1_136' title='bbox 575 1332 683 1391; x_wconf 89' lang='lat' dir='ltr'>quis</span> <span class='ocrx_word' id='word_1_137' title='bbox 717 1332 781 1377; x_wconf 91' lang='lat' dir='ltr'>sit</span> <span class='ocrx_word' id='word_1_138' title='bbox 813 1330 943 1378; x_wconf 89' lang='lat' dir='ltr'>filius</span> <span class='ocrx_word' id='word_1_139' title='bbox 974 1331 1121 1389; x_wconf 80' lang='lat' dir='ltr'>Iovis,</span> <span class='ocrx_word' id='word_1_140' title='bbox 1162 1330 1300 1377; x_wconf 87' lang='lat' dir='ltr'>addit</span> <span class='ocrx_word' id='word_1_141' title='bbox 1332 1332 1618 1391; x_wconf 85' lang='lat' dir='ltr'>antiquitas,</span> <span class='ocrx_word' id='word_1_142' title='bbox 1656 1335 1712 1378; x_wconf 93' lang='lat' dir='ltr'>ut</span> <span class='ocrx_word' id='word_1_143' title='bbox 1742 1333 1818 1394; x_wconf 88' lang='lat' dir='ltr'>iis,</span> <span class='ocrx_word' id='word_1_144' title='bbox 1858 1333 1943 1393; x_wconf 91' lang='lat' dir='ltr'>qui</span> 
     </span>
     <span class='ocr_line' id='line_1_18' title="bbox 271 1402 1944 1466; baseline -0.001 -14"><span class='ocrx_word' id='word_1_145' title='bbox 271 1407 385 1452; x_wconf 90' lang='lat' dir='ltr'>sunt</span> <span class='ocrx_word' id='word_1_146' title='bbox 440 1420 496 1450; x_wconf 80' lang='lat' dir='ltr'>ex</span> <span class='ocrx_word' id='word_1_147' title='bbox 553 1402 699 1463; x_wconf 89' lang='lat' dir='ltr'>Chao,</span> <span class='ocrx_word' id='word_1_148' title='bbox 754 1405 1010 1466; x_wconf 85' lang='lat' dir='ltr'>progenies</span> <span class='ocrx_word' id='word_1_149' title='bbox 1067 1419 1276 1464; x_wconf 86' lang='lat' dir='ltr'>quoque,</span> <span class='ocrx_word' id='word_1_150' title='bbox 1330 1407 1386 1450; x_wconf 93' lang='lat' dir='ltr'>ut</span> <span class='ocrx_word' id='word_1_151' title='bbox 1435 1404 1615 1465; x_wconf 90' lang='lat' dir='ltr'>Apollo</span> <span class='ocrx_word' id='word_1_152' title='bbox 1673 1419 1729 1452; x_wconf 93' lang='lat' dir='ltr'>ac</span> <span class='ocrx_word' id='word_1_153' title='bbox 1781 1404 1944 1451; x_wconf 89' lang='lat' dir='ltr'>Diana</span> 
     </span>
     <span class='ocr_line' id='line_1_19' title="bbox 214 1475 1942 1541; baseline 0.001 -17"><span class='ocrx_word' id='word_1_154' title='bbox 214 1475 245 1518; x_wconf 82' lang='grc'><strong>9</strong></span> <span class='ocrx_word' id='word_1_155' title='bbox 270 1477 503 1524; x_wconf 87' lang='lat' dir='ltr'>Latonae.</span> <span class='ocrx_word' id='word_1_156' title='bbox 546 1477 847 1524; x_wconf 89' lang='lat' dir='ltr'>laudandum</span> <span class='ocrx_word' id='word_1_157' title='bbox 878 1478 928 1523; x_wconf 91' lang='lat' dir='ltr'>in</span> <span class='ocrx_word' id='word_1_158' title='bbox 964 1477 1269 1537; x_wconf 87' lang='lat' dir='ltr'>quibusdam,</span> <span class='ocrx_word' id='word_1_159' title='bbox 1302 1478 1432 1538; x_wconf 89' lang='lat' dir='ltr'>quod</span> <span class='ocrx_word' id='word_1_160' title='bbox 1464 1479 1619 1541; x_wconf 79' lang='lat' dir='ltr'>geniti</span> <span class='ocrx_word' id='word_1_161' title='bbox 1642 1478 1942 1537; x_wconf 89' lang='lat' dir='ltr'>inmortales,</span> 
     </span>
     <span class='ocr_line' id='line_1_20' title="bbox 273 1550 1941 1611; baseline 0.002 -15"><span class='ocrx_word' id='word_1_162' title='bbox 273 1551 587 1611; x_wconf 87' lang='lat' dir='ltr'>quibusdam.</span> <span class='ocrx_word' id='word_1_163' title='bbox 643 1551 771 1611; x_wconf 91' lang='lat' dir='ltr'>quod</span> <span class='ocrx_word' id='word_1_164' title='bbox 818 1550 1226 1598; x_wconf 86' lang='lat' dir='ltr'>inmortalitatem</span> <span class='ocrx_word' id='word_1_165' title='bbox 1282 1552 1466 1597; x_wconf 85' lang='lat' dir='ltr'>virtute</span> <span class='ocrx_word' id='word_1_166' title='bbox 1522 1551 1620 1598; x_wconf 90' lang='lat' dir='ltr'>sint</span> <span class='ocrx_word' id='word_1_167' title='bbox 1674 1554 1941 1599; x_wconf 85' lang='lat' dir='ltr'>consecuti:</span> 
     </span>
    </p>
   </div>
   <div class='ocr_carea' id='block_1_3' title="bbox 272 1624 1984 1687">
    <p class='ocr_par' dir='ltr' id='par_1_3' title="bbox 272 1624 1984 1687">
     <span class='ocr_line' id='line_1_21' title="bbox 272 1624 1984 1687; baseline 0.001 -17"><span class='ocrx_word' id='word_1_168' title='bbox 272 1624 402 1685; x_wconf 83' lang='lat' dir='ltr'>quod</span> <span class='ocrx_word' id='word_1_169' title='bbox 440 1626 598 1685; x_wconf 89' lang='lat' dir='ltr'>pietas</span> <span class='ocrx_word' id='word_1_170' title='bbox 631 1625 867 1685; x_wconf 89' lang='lat' dir='ltr'>principis</span> <span class='ocrx_word' id='word_1_171' title='bbox 900 1626 1058 1671; x_wconf 88' lang='lat' dir='ltr'>nostri</span> <span class='ocrx_word' id='word_1_172' title='bbox 1088 1626 1419 1686; x_wconf 86' lang='lat' dir='ltr'>praesentium</span> <span class='ocrx_word' id='word_1_173' title='bbox 1446 1640 1640 1685; x_wconf 90' lang='lat' dir='ltr'>quoque</span> <span class='ocrx_word' id='word_1_174' title='bbox 1666 1627 1939 1687; x_wconf 91' lang='lat' dir='ltr'>temporum</span> <span class='ocrx_word' id='word_1_175' title='bbox 1966 1642 1984 1672; x_wconf 77' lang='lat'><strong>2</strong></span> 
     </span>
    </p>
   </div>
   <div class='ocr_carea' id='block_1_4' title="bbox 185 1698 1942 1981">
    <p class='ocr_par' dir='ltr' id='par_1_4' title="bbox 273 1698 587 1745">
     <span class='ocr_line' id='line_1_22' title="bbox 273 1698 587 1745; baseline 0.003 -2"><span class='ocrx_word' id='word_1_176' title='bbox 273 1698 417 1745; x_wconf 86' lang='lat' dir='ltr'>decus</span> <span class='ocrx_word' id='word_1_177' title='bbox 458 1699 587 1745; x_wconf 83' lang='lat' dir='ltr'>fecit.</span> 
     </span>
    </p>

    <p class='ocr_par' dir='ltr' id='par_1_5' title="bbox 185 1770 1942 1981">
     <span class='ocr_line' id='line_1_23' title="bbox 185 1770 1942 1833; baseline 0.003 -21"><span class='ocrx_word' id='word_1_178' title='bbox 185 1770 248 1813; x_wconf 88' lang='lat'>10</span> <span class='ocrx_word' id='word_1_179' title='bbox 382 1771 541 1833; x_wconf 81' lang='lat' dir='ltr'>Magis</span> <span class='ocrx_word' id='word_1_180' title='bbox 583 1774 655 1818; x_wconf 88' lang='lat' dir='ltr'>est</span> <span class='ocrx_word' id='word_1_181' title='bbox 695 1773 832 1818; x_wconf 76' lang='lat' dir='ltr'>varia</span> <span class='ocrx_word' id='word_1_182' title='bbox 864 1771 970 1818; x_wconf 90' lang='lat' dir='ltr'>laus</span> <span class='ocrx_word' id='word_1_183' title='bbox 1003 1771 1269 1818; x_wconf 90' lang='lat' dir='ltr'>hominum.</span> <span class='ocrx_word' id='word_1_184' title='bbox 1310 1787 1424 1817; x_wconf 87' lang='lat' dir='ltr'>nam</span> <span class='ocrx_word' id='word_1_185' title='bbox 1456 1773 1670 1832; x_wconf 88' lang='lat' dir='ltr'>primum</span> <span class='ocrx_word' id='word_1_186' title='bbox 1703 1771 1942 1819; x_wconf 82' lang='lat' dir='ltr'>dividitur</span> 
     </span>
     <span class='ocr_line' id='line_1_24' title="bbox 270 1844 1937 1906; baseline 0.001 -16"><span class='ocrx_word' id='word_1_187' title='bbox 270 1845 318 1890; x_wconf 89' lang='lat' dir='ltr'>in</span> <span class='ocrx_word' id='word_1_188' title='bbox 360 1847 598 1906; x_wconf 86' lang='lat' dir='ltr'>tempora,</span> <span class='ocrx_word' id='word_1_189' title='bbox 640 1844 864 1905; x_wconf 87' lang='lat' dir='ltr'>quodque</span> <span class='ocrx_word' id='word_1_190' title='bbox 906 1847 1018 1891; x_wconf 89' lang='lat' dir='ltr'>ante</span> <span class='ocrx_word' id='word_1_191' title='bbox 1059 1859 1139 1891; x_wconf 84' lang='lat' dir='ltr'>eos</span> <span class='ocrx_word' id='word_1_192' title='bbox 1179 1845 1273 1890; x_wconf 91' lang='lat' dir='ltr'>fuit</span> <span class='ocrx_word' id='word_1_193' title='bbox 1315 1860 1506 1905; x_wconf 90' lang='lat' dir='ltr'>quoque</span> <span class='ocrx_word' id='word_1_194' title='bbox 1556 1846 1654 1905; x_wconf 91' lang='lat' dir='ltr'>ipsi</span> <span class='ocrx_word' id='word_1_195' title='bbox 1698 1846 1937 1904; x_wconf 83' lang='lat' dir='ltr'>vixerunt,</span> 
     </span>
     <span class='ocr_line' id='line_1_25' title="bbox 270 1918 1938 1981; baseline 0.001 -18"><span class='ocrx_word' id='word_1_196' title='bbox 270 1918 320 1963; x_wconf 91' lang='lat' dir='ltr'>in</span> <span class='ocrx_word' id='word_1_197' title='bbox 358 1920 419 1966; x_wconf 92' lang='lat' dir='ltr'>iis</span> <span class='ocrx_word' id='word_1_198' title='bbox 461 1921 638 1981; x_wconf 83' lang='lat' dir='ltr'>autem,</span> <span class='ocrx_word' id='word_1_199' title='bbox 681 1919 764 1978; x_wconf 87' lang='lat' dir='ltr'>qui</span> <span class='ocrx_word' id='word_1_200' title='bbox 804 1919 907 1964; x_wconf 84' lang='lat' dir='ltr'>sato</span> <span class='ocrx_word' id='word_1_201' title='bbox 948 1921 1062 1964; x_wconf 86' lang='lat' dir='ltr'>sunt</span> <span class='ocrx_word' id='word_1_202' title='bbox 1100 1918 1272 1977; x_wconf 87' lang='lat' dir='ltr'>functi,</span> <span class='ocrx_word' id='word_1_203' title='bbox 1318 1919 1468 1964; x_wconf 88' lang='lat' dir='ltr'>etiam</span> <span class='ocrx_word' id='word_1_204' title='bbox 1519 1918 1649 1979; x_wconf 88' lang='lat' dir='ltr'>quod</span> <span class='ocrx_word' id='word_1_205' title='bbox 1696 1920 1769 1965; x_wconf 91' lang='lat' dir='ltr'>est</span> <span class='ocrx_word' id='word_1_206' title='bbox 1815 1920 1938 1965; x_wconf 90' lang='lat' dir='ltr'>inse-</span> 
     </span>
    </p>
   </div>
   <div class='ocr_carea' id='block_1_5' title="bbox 271 1992 1983 2053">
    <p class='ocr_par' dir='ltr' id='par_1_6' title="bbox 271 1992 1983 2053">
     <span class='ocr_line' id='line_1_26' title="bbox 271 1992 1983 2053; baseline 0.001 -16"><span class='ocrx_word' id='word_1_207' title='bbox 271 1995 451 2038; x_wconf 87' lang='lat' dir='ltr'>cutum.</span> <span class='ocrx_word' id='word_1_208' title='bbox 494 1995 605 2038; x_wconf 87' lang='lat' dir='ltr'>ante</span> <span class='ocrx_word' id='word_1_209' title='bbox 645 1992 888 2038; x_wconf 89' lang='lat' dir='ltr'>hominem</span> <span class='ocrx_word' id='word_1_210' title='bbox 922 1994 1087 2051; x_wconf 89' lang='lat' dir='ltr'>patria</span> <span class='ocrx_word' id='word_1_211' title='bbox 1120 2007 1173 2038; x_wconf 86' lang='lat' dir='ltr'>ac</span> <span class='ocrx_word' id='word_1_212' title='bbox 1198 1993 1424 2052; x_wconf 85' lang='lat' dir='ltr'>parentes</span> <span class='ocrx_word' id='word_1_213' title='bbox 1453 1994 1757 2053; x_wconf 89' lang='lat' dir='ltr'>maioresque</span> <span class='ocrx_word' id='word_1_214' title='bbox 1783 1995 1938 2052; x_wconf 90' lang='lat' dir='ltr'>erunt,</span> <span class='ocrx_word' id='word_1_215' title='bbox 1964 2009 1983 2039; x_wconf 77' lang='lat'>2</span> 
     </span>
    </p>
   </div>
   <div class='ocr_carea' id='block_1_6' title="bbox 183 2065 1938 2713">
    <p class='ocr_par' dir='ltr' id='par_1_7' title="bbox 183 2065 1938 2713">
     <span class='ocr_line' id='line_1_27' title="bbox 272 2065 1936 2126; baseline 0.001 -15"><span class='ocrx_word' id='word_1_216' title='bbox 272 2081 478 2126; x_wconf 85' lang='lat' dir='ltr'>quorum</span> <span class='ocrx_word' id='word_1_217' title='bbox 518 2066 696 2125; x_wconf 78' lang='lat' dir='ltr'>duplex</span> <span class='ocrx_word' id='word_1_218' title='bbox 734 2068 976 2112; x_wconf 87' lang='lat' dir='ltr'>tractatus</span> <span class='ocrx_word' id='word_1_219' title='bbox 1018 2070 1110 2111; x_wconf 86' lang='lat' dir='ltr'>est:</span> <span class='ocrx_word' id='word_1_220' title='bbox 1151 2067 1237 2111; x_wconf 87' lang='lat' dir='ltr'>aut</span> <span class='ocrx_word' id='word_1_221' title='bbox 1270 2067 1398 2111; x_wconf 90' lang='lat' dir='ltr'>enim</span> <span class='ocrx_word' id='word_1_222' title='bbox 1430 2065 1732 2126; x_wconf 87' lang='lat' dir='ltr'>respondisse</span> <span class='ocrx_word' id='word_1_223' title='bbox 1764 2065 1936 2112; x_wconf 85' lang='lat' dir='ltr'>nobili-</span> 
     </span>
     <span class='ocr_line' id='line_1_28' title="bbox 270 2139 1937 2200; baseline -0.001 -15"><span class='ocrx_word' id='word_1_224' title='bbox 270 2140 367 2185; x_wconf 87' lang='lat' dir='ltr'>tati</span> <span class='ocrx_word' id='word_1_225' title='bbox 404 2139 661 2200; x_wconf 88' lang='lat' dir='ltr'>pulchrum</span> <span class='ocrx_word' id='word_1_226' title='bbox 703 2140 809 2197; x_wconf 86' lang='lat' dir='ltr'>erit,</span> <span class='ocrx_word' id='word_1_227' title='bbox 862 2142 946 2185; x_wconf 87' lang='lat' dir='ltr'>aut</span> <span class='ocrx_word' id='word_1_228' title='bbox 984 2139 1218 2185; x_wconf 89' lang='lat' dir='ltr'>humilius</span> <span class='ocrx_word' id='word_1_229' title='bbox 1259 2154 1410 2200; x_wconf 85' lang='lat' dir='ltr'>genus</span> <span class='ocrx_word' id='word_1_230' title='bbox 1448 2139 1733 2185; x_wconf 85' lang='lat' dir='ltr'>inlustrasse</span> <span class='ocrx_word' id='word_1_231' title='bbox 1782 2139 1937 2187; x_wconf 88' lang='lat' dir='ltr'>factis.</span> 
     </span>
     <span class='ocr_line' id='line_1_29' title="bbox 184 2209 1937 2273; baseline 0 -15"><span class='ocrx_word' id='word_1_232' title='bbox 184 2209 243 2252; x_wconf 90' lang='grc'>11</span> <span class='ocrx_word' id='word_1_233' title='bbox 270 2211 360 2259; x_wconf 90' lang='lat' dir='ltr'>illa</span> <span class='ocrx_word' id='word_1_234' title='bbox 400 2228 597 2272; x_wconf 84' lang='lat' dir='ltr'>quoque</span> <span class='ocrx_word' id='word_1_235' title='bbox 635 2212 833 2258; x_wconf 87' lang='lat' dir='ltr'>interim</span> <span class='ocrx_word' id='word_1_236' title='bbox 874 2228 927 2258; x_wconf 83' lang='lat' dir='ltr'>ex</span> <span class='ocrx_word' id='word_1_237' title='bbox 961 2228 1031 2265; x_wconf 86' lang='lat' dir='ltr'>eo,</span> <span class='ocrx_word' id='word_1_238' title='bbox 1073 2212 1201 2272; x_wconf 86' lang='lat' dir='ltr'>quod</span> <span class='ocrx_word' id='word_1_239' title='bbox 1235 2214 1347 2258; x_wconf 89' lang='lat' dir='ltr'>ante</span> <span class='ocrx_word' id='word_1_240' title='bbox 1380 2214 1539 2272; x_wconf 89' lang='lat' dir='ltr'>ipsum</span> <span class='ocrx_word' id='word_1_241' title='bbox 1571 2213 1681 2271; x_wconf 87' lang='lat' dir='ltr'>fuit,</span> <span class='ocrx_word' id='word_1_242' title='bbox 1720 2215 1937 2273; x_wconf 87' lang='lat' dir='ltr'>tempore</span> 
     </span>
     <span class='ocr_line' id='line_1_30' title="bbox 269 2285 1938 2347; baseline 0 -15"><span class='ocrx_word' id='word_1_243' title='bbox 269 2285 541 2343; x_wconf 86' lang='lat' dir='ltr'>trahentur,</span> <span class='ocrx_word' id='word_1_244' title='bbox 581 2301 704 2346; x_wconf 86' lang='lat' dir='ltr'>quae</span> <span class='ocrx_word' id='word_1_245' title='bbox 744 2286 988 2345; x_wconf 82' lang='lat' dir='ltr'>responsis</span> <span class='ocrx_word' id='word_1_246' title='bbox 1027 2285 1105 2332; x_wconf 75' lang='lat' dir='ltr'>vel</span> <span class='ocrx_word' id='word_1_247' title='bbox 1147 2286 1365 2347; x_wconf 84' lang='lat' dir='ltr'>auguriis</span> <span class='ocrx_word' id='word_1_248' title='bbox 1404 2286 1624 2332; x_wconf 86' lang='lat' dir='ltr'>futuram</span> <span class='ocrx_word' id='word_1_249' title='bbox 1663 2285 1938 2333; x_wconf 89' lang='lat' dir='ltr'>claritatem</span> 
     </span>
     <span class='ocr_line' id='line_1_31' title="bbox 269 2358 1937 2419; baseline 0 -14"><span class='ocrx_word' id='word_1_250' title='bbox 269 2358 597 2419; x_wconf 84' lang='lat' dir='ltr'>promiserint,</span> <span class='ocrx_word' id='word_1_251' title='bbox 637 2360 692 2404; x_wconf 81' lang='lat' dir='ltr'>ut</span> <span class='ocrx_word' id='word_1_252' title='bbox 734 2375 857 2416; x_wconf 80' lang='lat' dir='ltr'>eum,</span> <span class='ocrx_word' id='word_1_253' title='bbox 899 2360 983 2418; x_wconf 86' lang='lat' dir='ltr'>qui</span> <span class='ocrx_word' id='word_1_254' title='bbox 1023 2374 1078 2404; x_wconf 80' lang='lat' dir='ltr'>ex</span> <span class='ocrx_word' id='word_1_255' title='bbox 1112 2358 1314 2405; x_wconf 91' lang='lat' dir='ltr'>Thetide</span> <span class='ocrx_word' id='word_1_256' title='bbox 1348 2361 1492 2406; x_wconf 87' lang='lat' dir='ltr'>natus</span> <span class='ocrx_word' id='word_1_257' title='bbox 1525 2361 1662 2417; x_wconf 92' lang='lat' dir='ltr'>esset,</span> <span class='ocrx_word' id='word_1_258' title='bbox 1701 2360 1937 2406; x_wconf 89' lang='lat' dir='ltr'>maiorem</span> 
     </span>
     <span class='ocr_line' id='line_1_32' title="bbox 183 2428 1937 2493; baseline 0 -14"><span class='ocrx_word' id='word_1_259' title='bbox 183 2428 243 2472; x_wconf 76' lang='lat'>12</span> <span class='ocrx_word' id='word_1_260' title='bbox 268 2436 408 2493; x_wconf 86' lang='lat' dir='ltr'>patre</span> <span class='ocrx_word' id='word_1_261' title='bbox 449 2447 534 2480; x_wconf 92' lang='lat' dir='ltr'>suo</span> <span class='ocrx_word' id='word_1_262' title='bbox 573 2432 793 2478; x_wconf 86' lang='lat' dir='ltr'>futurum</span> <span class='ocrx_word' id='word_1_263' title='bbox 834 2432 1062 2478; x_wconf 83' lang='lat' dir='ltr'>cecinisse</span> <span class='ocrx_word' id='word_1_264' title='bbox 1102 2432 1330 2479; x_wconf 86' lang='lat' dir='ltr'>dicuntur</span> <span class='ocrx_word' id='word_1_265' title='bbox 1369 2433 1578 2479; x_wconf 84' lang='lat' dir='ltr'>oracula.</span> <span class='ocrx_word' id='word_1_266' title='bbox 1630 2433 1782 2493; x_wconf 88' lang='lat' dir='ltr'>ipsius</span> <span class='ocrx_word' id='word_1_267' title='bbox 1822 2447 1937 2479; x_wconf 84' lang='lat' dir='ltr'>vero</span> 
     </span>
     <span class='ocr_line' id='line_1_33' title="bbox 269 2505 1937 2566; baseline 0 -14"><span class='ocrx_word' id='word_1_268' title='bbox 269 2506 376 2552; x_wconf 86' lang='lat' dir='ltr'>laus</span> <span class='ocrx_word' id='word_1_269' title='bbox 415 2506 627 2552; x_wconf 92' lang='lat' dir='ltr'>hominis</span> <span class='ocrx_word' id='word_1_270' title='bbox 676 2521 731 2551; x_wconf 80' lang='lat' dir='ltr'>ex</span> <span class='ocrx_word' id='word_1_271' title='bbox 782 2505 944 2552; x_wconf 87' lang='lat' dir='ltr'>animo</span> <span class='ocrx_word' id='word_1_272' title='bbox 993 2510 1039 2552; x_wconf 88' lang='lat' dir='ltr'>et</span> <span class='ocrx_word' id='word_1_273' title='bbox 1088 2520 1287 2565; x_wconf 84' lang='lat' dir='ltr'>corpore</span> <span class='ocrx_word' id='word_1_274' title='bbox 1335 2508 1383 2552; x_wconf 93' lang='lat' dir='ltr'>et</span> <span class='ocrx_word' id='word_1_275' title='bbox 1431 2508 1567 2552; x_wconf 76' lang='lat' dir='ltr'>extra</span> <span class='ocrx_word' id='word_1_276' title='bbox 1613 2506 1786 2566; x_wconf 85' lang='lat' dir='ltr'>positis</span> <span class='ocrx_word' id='word_1_277' title='bbox 1834 2507 1937 2566; x_wconf 90' lang='lat' dir='ltr'>peti</span> 
     </span>
     <span class='ocr_line' id='line_1_34' title="bbox 272 2578 1937 2639; baseline 0 -14"><span class='ocrx_word' id='word_1_278' title='bbox 272 2579 424 2626; x_wconf 88' lang='lat' dir='ltr'>debet.</span> <span class='ocrx_word' id='word_1_279' title='bbox 467 2584 513 2626; x_wconf 85' lang='lat' dir='ltr'>et</span> <span class='ocrx_word' id='word_1_280' title='bbox 555 2581 768 2639; x_wconf 85' lang='lat' dir='ltr'>corporis</span> <span class='ocrx_word' id='word_1_281' title='bbox 811 2578 1006 2638; x_wconf 89' lang='lat' dir='ltr'>quidem</span> <span class='ocrx_word' id='word_1_282' title='bbox 1037 2580 1450 2639; x_wconf 82' lang='lat' dir='ltr'>fortuitorumque</span> <span class='ocrx_word' id='word_1_283' title='bbox 1483 2594 1591 2625; x_wconf 93' lang='lat' dir='ltr'>cum</span> <span class='ocrx_word' id='word_1_284' title='bbox 1622 2579 1789 2638; x_wconf 83' lang='lat' dir='ltr'>levior,</span> <span class='ocrx_word' id='word_1_285' title='bbox 1829 2584 1937 2625; x_wconf 80' lang='lat' dir='ltr'>tum</span> 
     </span>
     <span class='ocr_line' id='line_1_35' title="bbox 268 2651 1936 2713; baseline 0.001 -15"><span class='ocrx_word' id='word_1_286' title='bbox 268 2668 365 2699; x_wconf 88' lang='lat' dir='ltr'>non</span> <span class='ocrx_word' id='word_1_287' title='bbox 397 2668 493 2699; x_wconf 93' lang='lat' dir='ltr'>uno</span> <span class='ocrx_word' id='word_1_288' title='bbox 518 2652 661 2699; x_wconf 91' lang='lat' dir='ltr'>modo</span> <span class='ocrx_word' id='word_1_289' title='bbox 686 2651 945 2699; x_wconf 87' lang='lat' dir='ltr'>tractanda</span> <span class='ocrx_word' id='word_1_290' title='bbox 978 2655 1062 2698; x_wconf 91' lang='lat' dir='ltr'>est.</span> <span class='ocrx_word' id='word_1_291' title='bbox 1103 2668 1218 2698; x_wconf 88' lang='lat' dir='ltr'>nam</span> <span class='ocrx_word' id='word_1_292' title='bbox 1250 2654 1298 2698; x_wconf 92' lang='lat' dir='ltr'>et</span> <span class='ocrx_word' id='word_1_293' title='bbox 1328 2652 1709 2713; x_wconf 84' lang='lat' dir='ltr'>pulcritudinem</span> <span class='ocrx_word' id='word_1_294' title='bbox 1738 2654 1936 2699; x_wconf 90' lang='lat' dir='ltr'>interim</span> 
     </span>
    </p>
   </div>
   <div class='ocr_carea' id='block_1_7' title="bbox 267 2735 620 2743">
    <p class='ocr_par' dir='ltr' id='par_1_8' title="bbox 267 2735 620 2743">
     <span class='ocr_line' id='line_1_36' title="bbox 267 2735 620 2743; baseline 0 0"><span class='ocrx_word' id='word_1_295' title='bbox 267 2735 620 2743; x_wconf 95' lang='lat' dir='ltr'> </span> 
     </span>
    </p>
   </div>
   <div class='ocr_carea' id='block_1_8' title="bbox 268 2762 1937 2934">
    <p class='ocr_par' dir='ltr' id='par_1_9' title="bbox 268 2762 1937 2934">
     <span class='ocr_line' id='line_1_37' title="bbox 389 2762 1934 2820; baseline 0.001 -17"><span class='ocrx_word' id='word_1_296' title='bbox 389 2767 410 2803; x_wconf 80' lang='lat'><strong>7</strong></span> <span class='ocrx_word' id='word_1_297' title='bbox 446 2764 516 2804; x_wconf 89' lang='lat' dir='ltr'>est</span> <span class='ocrx_word' id='word_1_298' title='bbox 555 2762 719 2820; x_wconf 88' lang='lat' dir='ltr'>etiam]</span> <span class='ocrx_word' id='word_1_299' title='bbox 760 2765 806 2806; x_wconf 91' lang='lat' dir='ltr'>et</span> <span class='ocrx_word' id='word_1_300' title='bbox 845 2762 988 2806; x_wconf 88' lang='lat' dir='ltr'>etiam</span> <span class='ocrx_word' id='word_1_301' title='bbox 1019 2770 1055 2803; x_wconf 79' lang='lat' dir='ltr'><strong><em>A</em></strong></span> <span class='ocrx_word' id='word_1_302' title='bbox 1095 2762 1238 2805; x_wconf 88' lang='lat' dir='ltr'>etiam</span> <span class='ocrx_word' id='word_1_303' title='bbox 1277 2770 1322 2804; x_wconf 99' lang='grc' dir='ltr'><em>Β</em></span> <span class='ocrx_word' id='word_1_304' title='bbox 1359 2764 1406 2805; x_wconf 89' lang='lat' dir='ltr'>et</span> <span class='ocrx_word' id='word_1_305' title='bbox 1437 2770 1481 2803; x_wconf 87' lang='lat' dir='ltr'><strong><em>P</em></strong></span> <span class='ocrx_word' id='word_1_306' title='bbox 1507 2762 1559 2815; x_wconf 82' lang='lat' dir='ltr'>cf</span> <span class='ocrx_word' id='word_1_307' title='bbox 1582 2762 1646 2804; x_wconf 90' lang='lat' dir='ltr'>IV</span> <span class='ocrx_word' id='word_1_308' title='bbox 1669 2767 1710 2814; x_wconf 86' lang='lat'>4,</span> <span class='ocrx_word' id='word_1_309' title='bbox 1745 2767 1769 2804; x_wconf 90' lang='grc'>8</span> <span class='ocrx_word' id='word_1_310' title='bbox 1801 2762 1862 2804; x_wconf 83' lang='grc' dir='ltr'>ΙΧ</span> <span class='ocrx_word' id='word_1_311' title='bbox 1895 2766 1934 2815; x_wconf 82' lang='lat'>2,</span> 
     </span>
     <span class='ocr_line' id='line_1_38' title="bbox 271 2820 1937 2878; baseline 0 -16"><span class='ocrx_word' id='word_1_312' title='bbox 271 2824 324 2862; x_wconf 87' lang='grc'>36</span> <span class='ocrx_word' id='word_1_313' title='bbox 358 2834 406 2875; x_wconf 78' lang='lat' dir='ltr'>sq</span> <span class='ocrx_word' id='word_1_314' title='bbox 529 2825 579 2864; x_wconf 89' lang='lat'>11</span> <span class='ocrx_word' id='word_1_315' title='bbox 607 2821 866 2864; x_wconf 86' lang='lat' dir='ltr'>ostenditur</span> <span class='ocrx_word' id='word_1_316' title='bbox 884 2829 926 2863; x_wconf 94' lang='grc' dir='ltr'><em>Β</em></span> <span class='ocrx_word' id='word_1_317' title='bbox 952 2823 955 2875; x_wconf 92' lang='grc' dir='ltr'>Ι</span> <span class='ocrx_word' id='word_1_318' title='bbox 986 2821 1210 2878; x_wconf 91' lang='lat' dir='ltr'>omnium]</span> <span class='ocrx_word' id='word_1_319' title='bbox 1235 2821 1475 2863; x_wconf 90' lang='lat' dir='ltr'>hominum</span> <span class='ocrx_word' id='word_1_320' title='bbox 1499 2829 1542 2863; x_wconf 88' lang='lat' dir='ltr'><em>P</em></span> <span class='ocrx_word' id='word_1_321' title='bbox 1631 2826 1683 2864; x_wconf 89' lang='lat'>15</span> <span class='ocrx_word' id='word_1_322' title='bbox 1710 2821 1780 2862; x_wconf 92' lang='lat' dir='ltr'>dis</span> <span class='ocrx_word' id='word_1_323' title='bbox 1797 2820 1937 2863; x_wconf 74' lang='grc' dir='ltr'>ΑΒιι2</span> 
     </span>
     <span class='ocr_line' id='line_1_39' title="bbox 268 2879 1848 2934; baseline -0.001 -12"><span class='ocrx_word' id='word_1_324' title='bbox 268 2884 324 2922; x_wconf 89' lang='grc'>16</span> <span class='ocrx_word' id='word_1_325' title='bbox 357 2879 396 2921; x_wconf 85' lang='lat' dir='ltr'>si</span> <span class='ocrx_word' id='word_1_326' title='bbox 414 2879 493 2933; x_wconf 89' lang='lat' dir='ltr'>qui</span> <span class='ocrx_word' id='word_1_327' title='bbox 516 2887 561 2921; x_wconf 86' lang='lat' dir='ltr'><em>B</em></span> <span class='ocrx_word' id='word_1_328' title='bbox 681 2885 732 2922; x_wconf 84' lang='lat'>19</span> <span class='ocrx_word' id='word_1_329' title='bbox 766 2880 815 2922; x_wconf 90' lang='lat' dir='ltr'>in</span> <span class='ocrx_word' id='word_1_330' title='bbox 847 2879 1125 2934; x_wconf 84' lang='lat' dir='ltr'>quibusdam</span> <span class='ocrx_word' id='word_1_331' title='bbox 1157 2888 1201 2922; x_wconf 86' lang='lat' dir='ltr'><strong><em>P</em></strong></span> <span class='ocrx_word' id='word_1_332' title='bbox 1317 2883 1372 2921; x_wconf 91' lang='lat'>30</span> <span class='ocrx_word' id='word_1_333' title='bbox 1404 2880 1714 2934; x_wconf 86' lang='lat' dir='ltr'>promiserunt</span> <span class='ocrx_word' id='word_1_334' title='bbox 1744 2887 1848 2922; x_wconf 75' lang='lat' dir='ltr'>Pub</span> 
     </span>
    </p>
   </div>
   <div class='ocr_carea' id='block_1_9' title="bbox 1991 544 2008 574">
    <p class='ocr_par' dir='ltr' id='par_1_10' title="bbox 1991 544 2008 574">
     <span class='ocr_line' id='line_1_40' title="bbox 1991 544 2008 574; baseline 0 0"><span class='ocrx_word' id='word_1_335' title='bbox 1991 544 2008 574; x_wconf 87' lang='lat'>5</span> 
     </span>
    </p>
   </div>
   <div class='ocr_carea' id='block_1_10' title="bbox 1970 911 2010 942">
    <p class='ocr_par' dir='ltr' id='par_1_11' title="bbox 1970 911 2010 942">
     <span class='ocr_line' id='line_1_41' title="bbox 1970 911 2010 942; baseline 0.025 -1"><span class='ocrx_word' id='word_1_336' title='bbox 1970 911 2010 942; x_wconf 89' lang='lat'>10</span> 
     </span>
    </p>
   </div>
   <div class='ocr_carea' id='block_1_11' title="bbox 1969 1275 2007 1305">
    <p class='ocr_par' dir='ltr' id='par_1_12' title="bbox 1969 1275 2007 1305">
     <span class='ocr_line' id='line_1_42' title="bbox 1969 1275 2007 1305; baseline 0 0"><span class='ocrx_word' id='word_1_337' title='bbox 1969 1275 2007 1305; x_wconf 89' lang='lat'>15</span> 
     </span>
    </p>
   </div>
   <div class='ocr_carea' id='block_1_12' title="bbox 1961 2375 2003 2406">
    <p class='ocr_par' dir='ltr' id='par_1_13' title="bbox 1961 2375 2003 2406">
     <span class='ocr_line' id='line_1_43' title="bbox 1961 2375 2003 2406; baseline 0 0"><span class='ocrx_word' id='word_1_338' title='bbox 1961 2375 2003 2406; x_wconf 88' lang='lat'>30</span> 
     </span>
    </p>
   </div>
  </div>
 </body>
</html>
